2029 3052
532 241 598 280 QUI
620 239 754 272 ORDINI
775 240 967 273 FRATRUM
990 241 1073 274 ΜΙΝ,
1100 244 1404 279 ADVERSANTUR.

157 311 275 343 damna
288 319 410 349 rerum,
426 319 484 342 seu
504 309 650 348 verbera,
667 309 698 340 et
719 308 848 347 similia,
861 318 935 350 pos-

157 366 233 397 sunt
256 364 318 396 viri
341 364 482 405 religiosi
507 363 731 405 aequanimiter
755 363 935 403 sustinere,

157 419 233 460 quia
254 418 300 450 nil
319 418 405 450 aliud
423 419 561 450 afferunt
579 417 775 449 nocumenti.
797 417 858 449 Sed
880 418 936 449 ubi

156 474 290 513 possunt
309 473 460 512 graviora
473 472 591 504 damna
609 471 772 512 subsequi,
789 471 937 503 videlicet

156 525 339 557 animarum
364 527 478 566 gravia
501 527 704 565 nocumenta,
729 525 774 556 ibi
798 535 863 557 non
889 527 937 557 est

155 580 327 621 expediens
341 580 416 612 talia
430 581 579 613 tolerare.
598 580 679 612 Nam
690 589 764 612 cum
779 580 880 612 simus
902 580 936 611 in

156 633 296 672 Ecclesia
316 634 372 666 Dei
390 635 429 666 ad
449 635 625 666 multarum
645 634 827 666 animarum
848 634 935 666 salu-

154 689 220 719 tem
231 698 250 720 a
264 688 344 720 Sede
356 688 537 729 Apostolica
548 688 708 727 destinati,
723 697 780 729 per
794 688 936 723 officium

155 742 299 782 docendi,
315 744 346 774 et
371 743 561 774 extrahendi
589 743 737 774 homines
751 752 770 774 a
784 745 912 783 peccato
923 767 933 782 ,

155 797 181 828 si
208 796 281 837 quis
303 796 472 828 infamaret
495 796 641 827 ordinem
665 797 823 835 nostrum,
850 797 936 837 quod

155 858 296 882 essemus
308 850 498 888 seductores,
515 851 571 881 aut
584 850 739 888 haeretici,
756 852 814 881 aut
827 851 934 882 crimi-

154 904 235 944 nosi,
253 905 309 936 aut
323 913 389 935 non
402 904 555 935 habentes
570 903 791 935 auctoritatem
814 905 935 945 praedi-

155 958 258 997 candi,
274 966 333 989 seu
344 958 500 989 confessos
512 958 604 989 nobis
621 960 652 989 et
667 958 819 989 contritos
830 959 935 990 absol-

155 1011 262 1051 vendi,
276 1021 351 1043 cum
365 1021 384 1043 a
401 1012 535 1043 Domino
561 1011 658 1052 Papa,
673 1011 725 1044 vel
746 1012 843 1043 etiam
868 1012 935 1053 epi-

157 1065 261 1105 scopis
275 1065 464 1104 habeamus⁷
476 1075 542 1097 non
553 1065 658 1097 solum
673 1065 804 1097 laederet
817 1075 874 1097 nos
889 1066 935 1097 sic

153 1118 314 1150 reddendo
327 1119 530 1160 despicabiles
544 1119 742 1158 hominibus,
755 1120 842 1159 quod
856 1120 932 1151 sub-

152 1172 318 1204 traherent
343 1173 435 1205 nobis
456 1173 610 1205 beneficia
631 1173 700 1204 sine
724 1173 843 1214 quibus
862 1183 934 1205 sus-

152 1226 269 1258 tentari
296 1236 362 1258 non
389 1237 579 1268 possumus,
606 1228 661 1259 sed
682 1226 778 1259 etiam
807 1230 936 1259 noceret

153 1281 315 1320 omnibus,
332 1281 444 1322 quiex
463 1282 525 1313 hoc
542 1282 719 1322 inciperent
740 1291 800 1312 005
825 1291 935 1321 perse-

153 1335 220 1375 qui,
233 1337 265 1367 et
279 1335 422 1375 graviter
436 1337 615 1375 peccarent.
639 1335 677 1366 Et
692 1335 749 1376 qui
770 1335 936 1366 crederent

152 1398 211 1421 nos
236 1390 315 1421 tales
340 1399 418 1429 esse,
445 1390 526 1421 sicut
554 1391 585 1421 et
610 1389 662 1421 ille
684 1391 854 1427 assereret,
876 1398 935 1420 nec

151 1444 395 1485 praedicationes
409 1447 535 1476 nostras
549 1444 759 1483 attenderent,
777 1453 836 1475 nec
856 1453 932 1475 con-

152 1498 222 1530 silia
236 1499 348 1530 salutis
363 1499 564 1540 requirerent
577 1509 596 1530 a
607 1499 712 1538 nobis,
730 1501 760 1529 et
772 1500 840 1538 jam
856 1498 934 1529 nul-

151 1551 203 1583 lus
225 1553 370 1584 ordinem
397 1553 518 1584 intrare
544 1555 694 1591 curaret,
719 1553 785 1584 imo
814 1553 934 1584 debiles

153 1608 260 1638 mente
294 1607 439 1638 ordinem
479 1608 681 1637 tentarentur
715 1606 897 1646 relinquere
921 1631 931 1645 ,

152 1670 249 1700 quem
268 1660 413 1692 viderent
431 1661 472 1691 ab
498 1660 649 1691 omnibus
671 1660 862 1691 conculcari.
879 1660 934 1691 ln-

152 1723 248 1755 super
271 1714 415 1745 haeretici
442 1723 475 1745 se
499 1713 731 1745 detractoribus
753 1713 871 1744 nostris
894 1714 932 1744 li-

151 1768 264 1799 benter
275 1768 490 1808 adjungerent
511 1768 571 1798 sub
597 1767 700 1807 specie
721 1767 881 1806 amicitiae,
898 1770 934 1799 ut

151 1831 210 1853 nos
235 1821 373 1862 amplius
396 1821 565 1852 redderent
589 1821 725 1858 odiosos,
748 1821 787 1852 ad
815 1821 876 1852 hoc
898 1824 934 1852 ut

151 1875 327 1906 doctrinam
364 1877 507 1905 nostram
541 1874 728 1905 hominibus
766 1874 934 1907 redderent

151 1928 313 1966 odibilem,
330 1931 361 1959 et
375 1928 418 1959 ita
433 1930 536 1959 astute
552 1928 612 1958 sibi
627 1928 823 1959 attraherent
838 1929 933 1960 corda

150 1991 276 2021 eorum,
292 1984 322 2013 et
346 1981 500 2022 paulatim
522 1982 675 2013 ducerent
699 1982 734 2012 in
762 1991 905 2013 errorem
922 2007 930 2021 ,

150 2045 225 2067 cum
239 2045 298 2067 nos
311 2036 453 2067 maxime
467 2036 612 2073 timeant,
629 2035 724 2067 modo
740 2036 774 2066 111
795 2036 856 2067 hoc
871 2037 932 2068 51111

151 2098 217 2121 0550
230 2089 424 2121 resistentes.
442 2089 539 2120 Plura
554 2088 617 2120 alia
640 2089 724 2120 mala
743 2090 933 2122 suscitarent

150 2144 243 2175 nobis
258 2143 401 2176 veritatis
415 2143 601 2181 adversarii,
615 2143 640 2174 si
655 2153 721 2174 non
737 2144 932 2176 haberemus

150 2197 319 2228 munimen
333 2206 390 2238 per
403 2197 517 2228 Sedem
533 2197 760 2237 Apostolicam,
775 2208 850 2238 (1οω
867 2208 932 2230 non

150 2254 215 2282 tam
230 2252 321 2282 nobis
335 2261 433 2292 (100111
457 2251 604 2282 Ecclesiae
624 2254 654 2282 et
670 2252 744 2283 fidei
769 2253 932 2284 catholicae

150 2305 242 2337 valde
269 2307 438 2344 nocerent,
457 2307 488 2336 et
513 2305 582 2336 haec
607 2306 640 2336 in
668 2306 803 2338 dedecus
832 2307 931 2347 ipsius

151 2359 240 2390 Sedis
258 2359 484 2397 redundarent,
501 2368 574 2399 quae
592 2359 738 2391 ordinem
763 2361 928 2401 plantavit,

150 2415 182 2444 et
207 2413 429 2452 confirmavit,
455 2415 486 2444 et
512 2414 552 2444 ad
575 2414 754 2454 profectum
782 2415 930 2447 Ecclesiae

151 2467 332 2498 destinavit.
365 2466 446 2497 Nam
471 2469 502 2497 et
524 2467 685 2507 apostolus
713 2468 850 2509 Paulus,
874 2471 931 2510 qui

151 2523 281 2561 paratus
316 2523 383 2552 erat
418 2521 527 2552 onmia
561 2521 691 2553 adversa
728 2523 835 2554 subire
873 2533 930 2564 pro

152 2574 287 2614 Christo,
308 2575 420 2607 videns
442 2575 553 2606 obesse
576 2575 650 2606 fidei
675 2578 706 2606 et
729 2575 888 2617 Ecclesiae,
905 2579 930 2609 si

151 2629 287 2660 traditus
312 2630 424 2661 fuisset
440 2639 458 2660 a
479 2629 591 2669 Felice,
613 2630 665 2662 vel
690 2630 790 2670 Festo,
812 2631 827 2662 J
832 2632 931 2664 udaeis

152 2683 258 2724 ipsum
281 2684 438 2723 perimere
463 2684 678 2725 cupientibus,
692 2684 849 2717 Caesarem
873 2697 928 2728 ap-

185 2746 191 2763 ¹
208 2746 274 2776 Act„
292 2750 406 2778 xxv,l1.

1716 253 1777 282 533

992 310 1133 359 pellavit,
1150 314 1186 345 ut
1200 313 1320 354 legitur
1342 314 1375 345 in
1399 314 1485 345 Actis
1501 315 1521 345 ¹.
1540 314 1580 347 Ut
1600 325 1680 356 ergo
1699 326 1773 358 par-

993 373 1105 397 camus
1131 366 1176 398 eis
1196 376 1215 398 a
1235 370 1362 408 peccato
1385 368 1505 408 iniquae
1531 371 1773 411 persecutionis,

992 420 1024 450 et
1038 420 1130 451 nobis
1142 430 1161 452 a
1176 421 1334 462 frequenti
1354 422 1534 460 vexatione,
1552 425 1584 454 et
1599 424 1669 455 aliis
1682 434 1701 456 a
1714 435 1776 457 no-

992 476 1142 506 cumento
1157 476 1350 514 animarum,
1366 478 1606 509 conservatores
1619 478 1776 511 habemus

991 536 1011 559 a
1025 527 1104 560 Sede
1119 529 1299 570 Apostolica
1320 531 1412 562 nobis
1438 531 1538 571 (10105,
1555 532 1611 573 qui
1642 533 1773 573 privile-

993 582 1126 621 giorum
1149 585 1334 615 nostrorum
1354 586 1430 624 ‘iura
1445 585 1624 624 defendant,
1641 587 1673 617 et
1691 596 1710 617 a
1722 595 1774 618 ca-

991 635 1225 669 lumniantibus
1239 639 1403 669 tueantur.

1206 731 1322 765 Quaestio
1342 732 1446 760 decima
1467 734 1561 761 tertia.

1032 798 1110 829 Cum
1129 798 1276 830 denarios
1295 809 1353 831 seu
1368 799 1539 840 pecuniam
1565 810 1623 832 nec
1646 811 1702 842 per
1726 802 1775 833 in-

990 853 1175 893 terpositam
1204 862 1374 893 personam
1389 878 1399 892 ,
1426 863 1468 884 ex
1503 854 1628 894 regulae
1657 857 1774 887 vestrae

990 908 1161 947 praecepto,
1178 907 1317 939 debeatis
1331 908 1484 948 recipere,
1499 910 1530 939 et
1545 910 1652 940 tamen
1663 909 1773 950 aliqua

990 960 1159 1001 recipiatis,
1184 971 1259 1002 quae
1282 962 1467 993 venduntur
1495 964 1605 1003 postea
1628 972 1687 1003 pro
1716 973 1782 1004 pe-'

990 1014 1086 1045 cunia
1102 1039 1110 1054 ,
1136 1024 1204 1046 non
1234 1016 1325 1046 video
1362 1015 1500 1056 qualiter
1529 1017 1730 1048 excusemini
1754 1027 1774 1049 a

990 1070 1246 1109 transgressione
1271 1070 1369 1110 hujus
1392 1071 1541 1110 praecepti
1558 1082 1565 1102 ε
1583 1072 1670 1111 (1010,
1689 1082 1772 1103 ven—

991 1120 1090 1152 ditare
1115 1121 1180 1160 illa,
1196 1121 1278 1152 sicut
1300 1122 1390 1162 prius
1416 1124 1522 1153 vestra
1545 1123 1605 1153 fuit
1631 1132 1682 1154 res
1704 1124 1774 1164 ipsa

991 1177 1064 1205 ante
1089 1175 1329 1213 venditionem,
1357 1176 1401 1206 ita
1428 1176 1527 1206 etiam
1554 1176 1614 1207 erit
1638 1178 1772 1217 pecunia

991 1230 1107 1267 vestra,
1129 1238 1202 1268 quae
1222 1238 1280 1269 pro
1302 1238 1336 1260 re
1359 1229 1431 1260 data
1454 1232 1512 1269 est,
1528 1239 1602 1261 cum
1625 1240 1691 1262 non
1713 1231 1773 1262 ha-

990 1282 1063 1313 heat
1076 1282 1176 1313 0110111
1191 1282 1370 1322 dominum,
1388 1283 1449 1314 nisi
1463 1284 1586 1323 fratreS,
1602 1285 1688 1325 quod
1712 1285 1771 1316 illi-

992 1335 1091 1367 citum
1101 1338 1147 1367 est
1162 1337 1313 1368 omnibus
1328 1337 1507 1369 manifeste.

1304 1433 1460 1467 Responsio.

1032 1498 1106 1530 Tria
1121 1499 1398 1540 eleemosynarum
1409 1509 1530 1540 genera
1540 1500 1657 1532 dantur
1664 1501 1769 1533 nobis.

991 1553 1107 1593 Aliqua
1123 1554 1209 1584 enim
1223 1554 1398 1594 recipimus
1409 1554 1526 1594 quibus
1543 1555 1589 1586 uti
1603 1555 1768 1595 volumus,

991 1610 1028 1638 ut
1044 1608 1147 1638 victus
1161 1610 1192 1638 et
1207 1608 1353 1646 vestitus,
1370 1610 1401 1639 et
1422 1608 1495 1638 libri
1510 1609 1602 1639 nobis
1616 1609 1722 1648 utiles,
1741 1612 1771 1641 et

992 1661 1109 1692 similia
1135 1670 1208 1701 (1000
1234 1670 1300 1692 000
1325 1662 1537 1702 proponimus
1563 1663 1702 1695 alienare
1730 1664 1769 1695 ab

991 1716 1113 1746 ordinis
1131 1725 1204 1746 usu.
1222 1715 1376 1753 Quaedam
1404 1718 1512 1746 autem
1538 1716 1654 1748 dantur
1679 1718 1771 1749 nohis

990 1770 1108 1810 quibus
1121 1779 1289 1810 nunquam
1309 1770 1341 1800 in
1356 1770 1410 1801 illa
1425 1770 1528 1810 specie
1544 1771 1591 1802 1111
1606 1771 1770 1812 1101011105,

991 1824 1027 1852 01
1048 1823 1152 1852 vestes
1167 1821 1348 1859 saeculares,
1365 1824 1397 1852 et
1420 1822 1493 1852 libri
1508 1822 1600 1853 nobis
1612 1832 1678 1854 11011
1692 1824 1769 1863 apti,

991 1876 1041 1907 vel
1057 1877 1152 1907 etiam
1167 1876 1275 1916 aliqua
1290 1876 1454 1916 superflua
1478 1877 1638 1916 victualia,
1652 1878 1771 1918 quibus

990 1930 1070 1961 forte
1084 1940 1149 1961 non
1164 1931 1349 1970 indigemus
1363 1931 1403 1961 ad
1417 1940 1569 1971 praesens.
1587 1932 1650 1963 Ista
1663 1933 1688 1963 51
1709 1942 1771 1963 no-

989 1984 1059 2015 lunt
1091 1985 1204 2016 fratres
1226 1993 1374 2016 recusare
1408 1987 1537 2025 propter
1568 1986 1771 2018 devotionem

990 2038 1146 2076 dantium,
1163 2040 1265 2079 potest
1288 2040 1477 2079 procurator
1493 2049 1531 2070 ea
1552 2039 1622 2071 vice
1640 2040 1770 2071 illorum

990 2100 1140 2131 servare,
1167 2092 1248 2123 sicut
1278 2092 1445 2132 pecuniam
1476 2102 1533 2133 pro
1561 2093 1714 2125 fratribus
1740 2094 1770 2125 ei

989 2146 1203 2185 commissam,
1221 2148 1257 2178 01
1273 2156 1331 2178 500
1354 2149 1497 2186 tempore
1515 2147 1590 2178 inde
1605 2148 1770 2187 provideat

989 2200 1046 2238 eis,
1061 2200 1178 2240 quibus
1192 2200 1339 2241 indigent
1353 2209 1394 2231 ex
1408 2203 1497 2241 parte
1518 2201 1660 2232 illorum.
1678 2201 1771 2239 Quae-

989 2254 1062 2285 dam
1088 2264 1163 2286 vero
1187 2255 1304 2286 dantur
1327 2255 1420 2286 nohis
1443 2264 1501 2295 pro
1522 2265 1585 2286 usu
1603 2258 1724 2295 nostro,
1738 2258 1770 2287 et

989 2317 1026 2339 ea
1048 2318 1105 2349 per
1129 2318 1187 2340 nos
1209 2309 1399 2350 recipimuS,
1424 2312 1455 2341 et
1478 2310 1683 2350 postmodum
1710 2310 1767 2340 ali-

988 2363 1116 2402 quando
1140 2364 1319 2403 contingit,
1342 2364 1427 2404 quod
1449 2373 1486 2395 ea
1513 2364 1664 2396 volumus
1690 2364 1768 2395 0110-

988 2427 1076 2448 nare.
1094 2417 1127 2448 Si
1140 2418 1193 2448 illa
1207 2418 1393 2458 simpliciter
1409 2419 1592 2457 vendimus,
1610 2421 1686 2449 tunc
1699 2419 1765 2457 fiet,

989 2472 1070 2503 sicut
1091 2472 1204 2511 dicitis,
1227 2472 1313 2513 quod
1336 2473 1389 2503 illa
1416 2473 1550 2512 pecunia
1576 2474 1684 2503 nostra
1707 2475 1765 2511 est,

988 2527 1070 2557 sicut
1084 2535 1134 2557 res
1149 2526 1277 2558 vendita
1300 2526 1403 2557 fuerat
1422 2528 1494 2557 aute
1514 2528 1634 2558 nostra.
1651 2526 1713 2557 Sed
1726 2536 1767 2557 ne

988 2583 1242 2620 transgressores
1265 2580 1389 2619 regulae
1411 2582 1527 2611 nostrae
1556 2580 1668 2618 simus,
1685 2581 1777 2618 recif

989 2635 1103 2674 piendo
1127 2634 1295 2674 pecuniam
1324 2643 1379 2674 per
1408 2634 1628 2674 interpositam
1655 2643 1764 2675 perso-

989 2699 1076 2728 nam,
1105 2691 1168 2720 tres
1195 2689 1259 2720 vias
1288 2698 1345 2728 pro
1368 2689 1429 2719 hac
1454 2688 1577 2720 cautela
1603 2692 1762 2720 tenemus.

989 2744 1054 2774 Aut
1077 2744 1163 2774 enim
1195 2753 1263 2774 rem
1286 2743 1384 2781 illam,
1401 2752 1475 2784 quae
1506 2743 1600 2774 vendi
1625 2744 1763 2782 deberet,

1791 1511 1893 1533 15100110-

1786 1548 1893 1569 syriarum

1786 1579 1834 1599 quae
1849 1573 1892 1594 sra-

1805 1605 1876 1625 tribus

1785 1635 1832 1656 fieri
1860 1641 1885 1656 so

1785 1666 1840 1693 lent,
1851 1667 1893 1688 tria

1785 1704 1877 1725 genera.
