2060 3052
527 243 577 276 DE
600 243 796 277 PLURIBUS
820 244 878 276 SS.
903 243 1172 278 MARTYRIBUS.
1196 245 1330 279 SERMO
1354 246 1407 278 lll.

159 312 211 341 tio.
227 322 242 339 ¹>
255 311 324 347 Sed,
338 311 416 349 proh
430 311 534 341 dolor!
556 313 584 340 et
599 311 702 341 dolore
721 312 854 347 tabesco,
869 311 942 349 quia

159 367 221 389 non
242 361 285 388 est
297 358 398 395 hodie,
414 358 467 396 qui
484 358 557 387 velit
577 367 633 396 pro
648 360 775 388 Domino
790 360 864 397 pati,
879 367 942 388 non

159 407 227 436 dico
241 406 411 441 fracturam,
421 413 482 434 non
492 406 709 435 mutilationem
722 407 940 443 membrorum,

158 463 220 484 non
227 453 427 490 diruptionem
436 453 559 488 ossium,
568 454 616 482 vel
627 454 838 483 suffossionem
850 457 943 483 eosta-

157 510 238 537 rum3
255 501 308 530 sed
329 508 384 529 nec
406 500 560 529 modicum
583 502 722 538 verbum,
746 502 808 531 imo
828 510 883 530 nec
902 503 941 530 si-

158 557 251 586 gnum
265 548 306 577 eis
321 548 512 576 eontrarium.
531 548 634 577 Dicunt
648 549 729 577 enim
744 549 821 577 illud
835 550 890 578 Job
907 549 914 566 ¹
933 559 939 577 :

161 605 174 623 «
186 597 255 631 Quoe
270 597 312 624 est
326 595 467 624 fortitudo
483 604 562 631 mea,
578 598 610 625 ut
625 597 799 632 sustineam,
810 598 861 624 aut
874 596 941 633 quis

158 642 225 672 finis
250 651 344 678 meuS,
370 645 402 671 ut
423 643 568 680 patienter
591 645 701 679 agam?
718 645 775 672 Nec
798 643 941 672 fortitudo

158 690 294 727 lapidum
308 689 450 718 fortitudo
462 698 540 718 mea.
560 700 574 716 »
592 692 639 718 Vae
658 699 730 727 ergo
751 691 867 719 mundo
884 691 941 718 mi-

159 746 240 772 sero,
264 737 335 773 quia
354 736 409 764 filii
431 737 509 772 ejus,
532 739 560 765 et
581 739 746 774 amatores,
762 740 830 766 sunt
852 738 942 766 valde

157 785 293 821 potentes
313 783 353 812 ad
374 783 508 819 malum,
532 784 586 812 sed
611 784 787 813 debilissimi
811 787 880 813 sunt
903 785 943 813 ad

157 831 284 860 bonum.
305 831 362 859 Sed
382 831 500 859 attende
520 832 605 868 quod
628 832 735 861 dieitur
748 834 758 849 ²
774 842 780 861 :
799 841 814 859 κ
837 834 943 861 Poten-

158 880 211 914 tes,
226 889 240 906 »
257 879 370 915 inquit,
390 888 403 905 (ι
423 880 560 915 potenter
583 881 729 908 tormenta
750 880 908 917 patientur.
926 891 939 907 »

159 926 334 962 Exemplum
355 926 393 954 de
415 926 506 954 divite
530 927 669 964 epulone,
697 927 749 964 qui
772 927 891 955 dicebat
907 928 917 944 ³
935 937 940 955 :

162 983 175 1000 «
189 973 310 1002 crucior
323 973 354 1002 in
369 974 425 1002 hae
436 974 568 1002 flamma.
587 985 600 1001 »
616 975 638 1003 Ο
652 983 721 1003 vere
738 976 766 1003 et
780 977 841 1003 toto
854 983 942 1011 posse

158 1021 331 1057 plangenda
346 1021 479 1055 felicitas,
494 1030 562 1057 quae
578 1030 647 1050 cum
666 1022 702 1050 sit
720 1022 820 1050 brevis
835 1024 863 1050 et
877 1030 942 1050 mo-

157 1070 330 1103 mentanea,
357 1069 465 1096 aeterna
492 1069 592 1096 tamen
620 1070 845 1105 compensanda
874 1078 943 1097 cum

157 1117 261 1152 poenat
288 1115 436 1143 Patiamur
450 1123 521 1151 ergo
543 1116 684 1152 exemplo
706 1118 867 1153 Martyrum
888 1125 942 1145 vo-

158 1162 270 1190 luntate
290 1164 442 1199 prompta,
460 1165 540 1191 recta
555 1165 583 1191 et
605 1163 709 1198 firma,
731 1163 802 1200 qula
824 1164 876 1200 qui
901 1164 943 1192 sic

158 1210 302 1238 sustinent
326 1219 465 1247 pcenam,
490 1211 530 1239 ad
553 1212 696 1239 aeternam
719 1212 850 1240 ducendi
875 1214 944 1240 sunt

159 1257 295 1294 gloriam.
313 1258 394 1286 Unde
410 1258 537 1286 dicitur:
561 1260 641 1286 Beati
662 1261 711 1295 qui
729 1261 942 1294 persecutionem

156 1307 305 1341 patiuntur
317 1308 429 1341 propter
447 1306 597 1341 justitiam.
617 1305 686 1339 Quis
701 1306 781 1334 enim
798 1315 860 1334 non
875 1307 942 1334 totis

159 1352 313 1381 aflectibus
337 1353 448 1389 appetit
473 1361 535 1381 esse
564 1353 691 1381 beatus?
720 1353 777 1381 Sed
803 1353 877 1390 quid
900 1356 944 1382 est

159 1401 329 1435 beatitudo,
349 1401 406 1429 nisi
425 1402 576 1430 honorum
603 1402 739 1430 omnium
765 1402 942 1438 pleniludo?

160 1450 253 1484 Ergo,
275 1448 348 1475 dum
366 1449 519 1476 beatitudo
535 1449 702 1484 obtinetur,
720 1457 824 1477 omnes
849 1458 943 1486 appe-

161 1495 228 1524 titus
255 1495 378 1523 humani
400 1496 605 1532 complentur,
631 1498 663 1524 ut
686 1496 759 1524 nihil
785 1496 867 1524 aliud
890 1506 943 1533 ap-

160 1543 285 1578 petatur.
315 1542 371 1571 Sed
396 1542 472 1579 quid
499 1543 557 1571 hoc
579 1543 696 1577 melius,
720 1543 794 1580 quid
822 1544 944 1579 cogitari

159 1591 256 1626 potest
275 1589 443 1624 sublimius,
458 1589 532 1625 quid
547 1590 693 1625 possideri
714 1592 811 1626 potest
835 1591 943 1619 animae

159 1636 297 1664 dulcius?
312 1638 387 1672 Ergo
401 1637 485 1672 juxta
503 1637 626 1665 beatum
643 1638 819 1673 Gregorium
835 1638 844 1654 Β
858 1647 864 1665 ;
881 1647 894 1664 (ι
915 1638 943 1666 Si

159 1683 285 1712 delectat
298 1685 429 1711 mentem
450 1684 627 1719 magnitudo
649 1685 859 1721 praemiorum,
882 1693 943 1713 non

159 1731 304 1759 deterreat
321 1733 472 1758 certamen
485 1731 636 1759 laborum.
656 1741 670 1757 »
689 1734 762 1760 Nam
783 1732 834 1768 qui
855 1732 942 1760 labo-

159 1786 225 1806 rare
243 1777 276 1813 (a)
294 1778 326 1806 in
339 1778 428 1805 vinea
443 1778 558 1806 Domini
571 1778 693 1813 nolunt,
712 1779 835 1815 praemio
857 1780 943 1815 digni

159 1834 222 1854 non
236 1827 313 1860 sunt,
334 1825 388 1853 sed
408 1825 507 1861 potius
524 1825 678 1861 suppliciis
698 1826 893 1862 sempiternis.
910 1829 943 1855 Et

160 1881 252 1910 quam
267 1873 303 1900 sit
316 1872 440 1906 durum,
462 1880 555 1909 quam
571 1872 808 1908 formidandum,
825 1875 863 1902 ab
880 1883 940 1903 om-

159 1920 248 1948 nibus
261 1919 349 1947 bonis
361 1919 491 1954 excludi,
506 1921 534 1947 et
547 1919 634 1947 malis
650 1921 790 1948 omnibus
806 1921 868 1949 sine
882 1921 941 1949 fine

160 1967 306 2002 demergi,
321 1967 372 2003 qui
396 1968 502 2002 potest,
525 1966 681 2002 exprimat.
706 1968 763 1996 Sed
777 1969 874 2004 magis
892 1977 942 1997 ro-

159 2015 293 2051 gandum
308 2016 364 2048 est,
388 2015 421 2041 ut
441 2015 517 2041 Deus
537 2022 593 2042 nos
609 2014 730 2051 eripiat,
752 2016 780 2043 et
801 2016 841 2043 ad
860 2016 941 2044 bona

160 2062 340 2098 sempiterna
357 2061 511 2097 perducat,
527 2061 579 2098 qui
591 2070 645 2098 per
660 2062 761 2091 omnia
773 2063 880 2092 saecula
891 2063 942 2092 be-

160 2111 294 2139 nedictus
307 2110 389 2146 vivit,
406 2112 433 2138 et
447 2111 561 2145 regnat.
578 2112 681 2138 Amen.

429 2189 558 2218 SERMO
582 2189 620 2218 III
635 2189 655 2219 ὅ.

197 2254 273 2281 Sicut
291 2251 429 2280 abundant
451 2253 590 2287 passiones
618 2252 721 2280 Christi
742 2254 771 2280 in
792 2254 883 2287 nobis3
901 2256 942 2282 ita

161 2304 184 2329 et
219 2309 269 2336 per
301 2300 438 2327 Christum
471 2299 591 2326 abundat
620 2300 767 2328 consolatio
796 2305 891 2328 nostra
918 2302 938 2329 ⁶.

161 2348 205 2377 Sic
221 2346 405 2383 respondent
418 2345 510 2373 saneti
528 2347 668 2382 Martyres
690 2347 781 2375 tacitae
802 2348 940 2384 quaestio-

160 2396 202 2424 ni.
225 2395 326 2423 Posset
345 2393 424 2421 enim
448 2391 514 2428 quis
538 2401 668 2428 quaerere
685 2403 691 2421 :
709 2395 867 2428 Quomodo
888 2404 940 2431 po-

161 2442 241 2471 testis
262 2443 305 2469 tot
328 2440 409 2469 mala
432 2440 570 2476 portare?
595 2441 764 2469 Peccatores
789 2442 883 2478 enim,
909 2445 941 2470 ut

161 2489 234 2518 dicit
247 2487 413 2517 Bernardus
426 2488 448 2522 ⁷,
466 2497 479 2513 «
496 2486 599 2514 vident
617 2489 731 2515 nostras
747 2489 938 2525 afflictiones3

160 2537 215 2565 sed
228 2544 291 2564 non
305 2535 409 2563 vident
430 2536 544 2562 nostras
563 2534 692 2563 internas
712 2536 938 2572 consolationes,

161 2592 227 2620 quae
248 2582 338 2611 valde
365 2581 492 2610 multum
514 2582 661 2610 excedunt
685 2583 848 2618 passiones.
873 2595 885 2610 »
908 2586 941 2612 Et

162 2631 230 2659 ideo
253 2629 345 2659 saneti
367 2631 506 2666 Martyres
527 2629 709 2666 respondent
734 2631 819 2659 tacite
844 2640 940 2669 quaes-

195 2693 272 2723 1101),
289 2699 329 2724 Vi,
345 2694 368 2718 2.
384 2706 413 2710 —
429 2692 439 2708 ²
453 2692 524 2724 Sap.,
540 2699 579 2723 v1‚
595 2695 617 2716 7.
635 2707 661 2710 —
681 2694 688 2707 ³
703 2694 771 2725 Luc„
787 2701 840 2725 xw,
855 2697 894 2720 34.
911 2710 940 2714 —

164 2731 169 2742 ³
189 2731 275 2761 Greg,
298 2731 324 2753 in
345 2730 452 2760 Evany„
476 2729 548 2753 hom.
571 2736 671 2761 xxxvu,
690 2737 715 2755 u.
737 2732 758 2755 i.
784 2746 808 2748 —
834 2733 843 2749 ⁵
868 2734 940 2757 Hunc

1743 250 1782 280 53

997 312 1080 345 tioni,
1097 315 1125 342 et
1140 313 1244 343 dicunt
1262 324 1268 343 :
1284 315 1361 343 Sicut
1374 315 1514 343 abundant
1527 317 1667 352 passiones
1679 316 1783 345 Christi

996 361 1027 388 in
1041 361 1133 394 nobis;
1155 363 1194 390 sic
1213 365 1239 390 et
1261 371 1310 398 per
1328 362 1466 391 Christum
1489 363 1610 391 abundat
1634 365 1782 392 consolatio

996 410 1099 436 nostra.
1113 410 1145 436 In
1160 409 1254 437 verbo
1269 409 1324 438 isto
1347 409 1408 438 duo
1424 409 1621 438 ostenduntur
1637 420 1644 438 ε
1667 411 1780 447 primo,

996 455 1111 482 malum
1142 456 1287 492 passionis
1316 459 1462 493 externae,
1493 465 1554 494 quo
1578 458 1783 494 temporaliter

996 501 1182 538 affliguntur3
1200 503 1344 538 secundo,
1364 504 1480 532 bonum
1503 504 1717 533 consolationis
1737 505 1782 533 in-

996 550 1099 583 ternoe,
1115 558 1176 586 quo
1192 550 1316 579 dulciter
1331 551 1510 579 consolatur.
1533 552 1664 580 Prinium
1684 553 1782 580 carnis

997 599 1040 624 est
1054 597 1243 633 afflictivum3
1260 599 1426 626 secundum
1441 601 1540 627 autem
1556 602 1598 627 est
1613 599 1720 627 animae
1736 600 1780 627 af-

996 643 1147 673 fectivum.
1163 646 1286 673 Notatur
1301 654 1371 681 ergo
1387 646 1481 681 primo
1498 646 1618 674 afflictio
1642 647 1781 680 exterior,

997 691 1145 727 quamala
1154 694 1336 728 purgantur3
1351 694 1379 721 et
1391 695 1510 721 notatur
1523 694 1655 721 secundo
1666 693 1782 722 interna

996 738 1128 774 refectio,
1143 747 1203 775 qua
1219 739 1320 775 gratiae
1334 740 1532 768 cumulantur.
1550 741 1680 768 Primum
1696 742 1783 769 nota-

997 787 1055 821 tur,
1071 795 1139 814 cum
1154 786 1261 814 dieitur
1277 796 1283 815 :
1306 788 1381 815 Sicut
1397 788 1540 815 abundant
1552 789 1694 823 passiones
1707 789 1783 816 Chri-

997 836 1050 867 sti;
1071 835 1124 862 sed
1145 835 1310 863 secundum
1333 838 1452 864 notatur
1477 845 1484 863 ι
1509 838 1556 864 Ita
1573 845 1622 872 per
1643 837 1783 865 Christum

998 882 1119 909 abundat
1134 884 1280 910 consolatio
1295 887 1396 911 nostra.
1414 884 1470 911 Sed
1484 883 1549 918 isla,
1565 884 1675 912 scilicet
1690 884 1782 912 afflic-

996 929 1037 956 tio
1054 931 1082 957 et
1096 930 1271 965 consolatio,
1284 930 1373 958 simul
1383 930 1414 958 in
1429 939 1523 958 unum
1537 933 1606 959 sunt
1616 931 1782 967 tractanda,

998 976 1070 1013 quia
1084 977 1093 993 ⁸
1108 977 1257 1006 contraria
1274 978 1359 1013 juxta
1379 987 1409 1006 se
1432 979 1529 1015 posita
1550 979 1646 1015 magis
1670 979 1783 1007 eluces-

998 1026 1078 1052 cunt.
1093 1026 1140 1052 Est
1155 1033 1225 1060 ergo
1241 1025 1289 1053 hic
1312 1026 1490 1061 notandum,
1515 1027 1599 1063 quod
1616 1026 1685 1054 ideo
1708 1034 1784 1062 prae-

997 1072 1086 1099 sentis
1102 1073 1243 1108 temporis
1258 1073 1373 1100 malum
1391 1081 1453 1100 non
1472 1075 1514 1101 est
1528 1073 1716 1109 fugiendum,
1731 1073 1784 1101 sed

997 1119 1141 1155 patienter
1162 1119 1335 1155 ferendum,
1354 1120 1426 1156 quia
1444 1128 1561 1156 semper
1585 1120 1624 1148 ad
1650 1120 1785 1156 corporis

998 1167 1179 1202 supplicium
1200 1167 1332 1203 sequitur
1355 1167 1461 1195 mentis
1483 1167 1645 1203 gaudium,
1668 1168 1692 1195 si
1717 1167 1785 1204 quis

999 1214 1167 1242 considerat
1182 1214 1322 1250 primum.
1339 1216 1412 1242 Sunt
1431 1217 1531 1243 autem
1551 1215 1705 1251 passiones
1731 1224 1784 1244 vo-

998 1261 1133 1289 luntariae
1149 1261 1255 1298 triplici
1270 1262 1393 1298 praemio
1413 1262 1511 1298 dignae
1529 1272 1534 1289 :
1556 1270 1626 1290 nam
1650 1265 1717 1291 sunt
1740 1263 1785 1291 di-

998 1317 1075 1344 gnae,
1099 1309 1208 1344 primo,
1232 1317 1362 1345 superno
1388 1309 1515 1345 auxilio,
1541 1310 1689 1345 secundo,
1717 1312 1786 1338 sunt

1000 1356 1097 1391 dignae
1115 1364 1244 1392 superno
1269 1356 1391 1391 solatio3
1414 1357 1514 1391 tertio,
1539 1359 1607 1384 sunt
1621 1357 1720 1393 dignae
1735 1365 1784 1385 su-

1000 1403 1114 1439 pernali
1139 1404 1308 1438 consortio,
1333 1404 1394 1431 sive
1418 1404 1518 1440 potius
1544 1412 1663 1432 summo
1689 1404 1782 1432 bono.

1000 1452 1032 1478 Ut
1046 1451 1087 1478 sie
1102 1451 1216 1487 patiens
1232 1451 1390 1486 adjuvetur
1406 1451 1542 1485 exterius,
1559 1451 1729 1479 consoletur
1743 1451 1786 1479 in-

1000 1498 1100 1532 terius,
1117 1501 1144 1525 et
1166 1498 1196 1525 in
1212 1498 1270 1525 fine
1292 1500 1450 1526 coronetur
1465 1498 1609 1534 superius.

1036 1546 1116 1579 Dico,
1133 1545 1217 1581 quod
1231 1545 1385 1581 passiones
1396 1545 1467 1579 istae,
1478 1546 1502 1573 si
1517 1548 1584 1573 sunt
1598 1546 1782 1582 voluntariae,

1000 1595 1067 1620 sunt
1083 1592 1181 1628 dignae
1195 1600 1324 1628 superno
1340 1592 1462 1619 auxilio.
1480 1594 1526 1620 Est
1546 1593 1626 1620 enim
1647 1593 1784 1629 dignum,

1000 1639 1155 1674 etjustum,
1171 1641 1198 1667 et
1212 1639 1320 1667 rationi
1334 1642 1578 1673 consentaneum,
1590 1641 1621 1667 ut
1633 1640 1684 1676 qui
1695 1648 1784 1676 prop-

999 1688 1042 1714 ter
1064 1687 1210 1714 Christum
1233 1686 1353 1722 patitur,
1374 1687 1480 1714 sentiat
1501 1687 1604 1714 Christi
1627 1687 1782 1716 auxilium.

999 1734 1068 1767 Quis
1079 1742 1213 1770 unquam
1224 1733 1353 1770 speravit
1365 1734 1396 1761 in
1409 1735 1479 1767 Deo,
1491 1736 1519 1761 et
1532 1742 1594 1762 non
1610 1736 1652 1762 est
1665 1735 1785 1770 adjutus

999 1781 1038 1809 ab
1054 1782 1109 1809 eo?
1124 1783 1197 1808 Nam
1212 1781 1394 1817 elephantes,
1411 1781 1484 1809 dum
1499 1781 1574 1809 inter
1588 1790 1619 1809 se
1637 1783 1784 1818 pugnant,

999 1837 1069 1856 suos
1086 1828 1236 1863 adjutores
1251 1828 1427 1856 mirabiliter
1443 1830 1544 1856 amant
1560 1838 1566 1856 ς
1584 1837 1661 1865 quos
1676 1829 1699 1856 si
1722 1829 1786 1857 vul-

999 1876 1095 1903 nerari
1111 1875 1273 1911 contingat,
1298 1883 1349 1903 eos
1373 1875 1403 1902 in
1422 1875 1523 1903 medio
1543 1876 1589 1903 sui
1610 1878 1742 1912 ponunt,
1759 1878 1786 1904 et

998 1931 1053 1959 pro
1071 1922 1183 1950 viribus
1205 1922 1379 1957 defendunt,
1399 1924 1545 1958 quantum
1559 1925 1694 1959 possunt.
1717 1923 1786 1951 Nul-

998 1970 1061 1998 lum
1086 1972 1129 1998 est
1152 1970 1239 1997 etiam
1265 1969 1440 1997 animalium
1471 1978 1564 2005 genus
1585 1972 1645 1998 tam
1669 1970 1785 2005 ferum,

999 2017 1082 2053 quod
1101 2017 1170 2044 illos
1192 2024 1253 2044 non
1278 2017 1410 2052 adjuvet,
1434 2018 1485 2053 qui
1507 2017 1563 2045 sibi
1587 2018 1618 2045 in
1641 2017 1786 2045 auxilium

998 2066 1074 2092 sunt.
1092 2064 1263 2098 Mahumeti,
1278 2064 1428 2098 Saraceni,
1450 2067 1478 2092 et
1498 2064 1591 2092 Judaei
1605 2065 1663 2093 hoc
1682 2065 1785 2092 obser-

997 2113 1084 2147 vant3
1115 2119 1176 2139 non
1205 2113 1305 2139 autem
1332 2111 1396 2139 falsi
1421 2114 1448 2139 et
1475 2112 1595 2148 pessimi
1620 2112 1783 2140 Christiani.

998 2162 1071 2188 Nam
1086 2162 1114 2188 et
1129 2167 1209 2196 apeS,
1228 2159 1351 2195 quando
1367 2168 1438 2196 apes
1461 2160 1582 2188 alterius
1604 2160 1726 2188 alvearii
1742 2160 1785 2188 in-

997 2208 1122 2242 vadunt,
1139 2207 1163 2234 si
1186 2207 1243 2234 sibi
1258 2206 1373 2242 aliquas
1392 2206 1523 2235 faventes
1544 2207 1712 2242 inveniunt,
1736 2215 1785 2235 eas

998 2263 1052 2282 nos
1069 2255 1167 2282 solum
1185 2262 1246 2282 non
1262 2254 1384 2288 laedunt,
1400 2254 1452 2281 sed
1467 2256 1627 2290 protegunt
1641 2257 1668 2283 et
1683 2254 1785 2282 desen-

998 2303 1083 2330 dunt.
1101 2301 1171 2335 Quis
1187 2301 1278 2335 enim,
1303 2301 1344 2328 sic
1360 2301 1481 2329 diabolo
1496 2301 1611 2337 similis,
1627 2310 1697 2330 suos
1711 2310 1783 2338 pro-

997 2351 1181 2386 pugnatores
1203 2356 1265 2376 non
1284 2347 1399 2383 diligit?
1420 2350 1494 2384 Ergo
1518 2357 1630 2384 ponere
1652 2357 1784 2376 necessa-

997 2396 1076 2431 rium
1113 2396 1174 2430 est,
1201 2403 1256 2423 nec
1281 2398 1323 2423 est
1344 2395 1374 2422 in
1399 2395 1525 2423 dubium
1550 2395 1781 2430 deducendum,

998 2442 1082 2479 quod
1109 2450 1261 2469 summum
1280 2442 1396 2470 bonum
1419 2450 1469 2470 eos
1489 2445 1577 2476 amat,
1601 2442 1652 2478 qui
1673 2450 1728 2478 pro
1752 2451 1783 2470 se

1000 2489 1123 2517 bellant.
1140 2489 1197 2517 Sed
1207 2497 1269 2517 non
1284 2490 1407 2523 amaret,
1423 2489 1446 2516 si
1462 2497 1511 2517 eos
1527 2489 1557 2516 in
1572 2489 1783 2518 afflictionibus

998 2546 1060 2565 non
1077 2537 1243 2572 adjuvaret,
1269 2545 1337 2564 cum
1352 2536 1406 2564 sibi
1422 2545 1483 2564 non
1498 2536 1571 2564 desit
1589 2537 1715 2572 J'uvandi
1731 2546 1783 2574 po-

998 2585 1100 2619 tentia,
1117 2586 1144 2612 et
1159 2584 1312 2620 sapientia.
1335 2585 1411 2619 Ergo
1427 2583 1614 2612 manifestum
1629 2586 1681 2619 est,
1699 2585 1782 2620 quod

1805 1794 1874 1813 Exem

1802 1824 1872 1851 plum.

998 2655 1077 2679 hahet
1100 2654 1159 2678 edit.
1188 2655 1305 2685 Hageno.
1324 2660 1366 2678 au.
1388 2655 1456 2678 1496.
1473 2667 1500 2672 -
1524 2655 1531 2666 Η
1548 2655 1566 2678 ll
1587 2654 1655 2683 Cor„
1672 2661 1694 2685 1,
1710 2657 1732 2679 5.
1752 2665 1783 2671 --
1824 2642 1827 2644 .

1000 2691 1007 2707 ⁷
1027 2692 1102 2715 Bern.
1120 2703 1150 2708 -
1165 2690 1175 2706 ⁸
1190 2690 1276 2720 Arist„
1294 2689 1430 2721 Problem„
1446 2692 1507 2716 sect.
1525 2696 1590 2721 xxn,
1605 2693 1667 2715 text.
1687 2693 1724 2715 1¹.

1032 2735 1065 2765 (a)
1084 2733 1145 2758 Cret.
1160 2732 1220 2757 edit.
1239 2732 1380 2757 ambulare.
