2029 3052
225 269 286 300 290

225 334 316 364 corde
330 334 371 363 ad
378 334 476 372 ipsam
495 335 718 364 convertuntur.
733 334 801 362 uoec
812 333 913 362 autem
927 333 1007 362 terra

223 381 313 410 valde
325 383 370 410 est
381 381 543 416 fructifera,
561 381 660 410 ferens
673 380 802 409 fructum
819 379 915 416 panis,
931 379 1005 415 vini,

225 429 284 458 olei
297 430 326 457 et
341 428 449 465 mellis,
471 428 630 457 Dominum
651 429 787 456 nostrum
803 428 903 456 Jesum
923 426 1006 455 Chri-

224 477 313 505 stum.
329 477 393 513 lpse
405 483 537 512 namque
552 474 640 504 nobis
651 477 694 503 est
707 473 819 503 fruetus
832 473 919 508 panis
933 481 1005 502 con-

223 524 359 553 fortantis
374 545 384 558 ‚
416 525 520 552 contra
554 522 703 551 defectum
716 531 725 557 ;
754 521 818 558 ipse
845 521 934 550 nobis
963 523 1007 549 est

223 571 335 600 fruetus
353 570 426 606 vini,
449 570 488 598 ad
509 569 674 606 perlectum
682 579 691 605 ;
713 569 778 606 ipse
801 576 925 606 quoque
951 576 1005 596 no-

222 618 270 647 his
293 619 336 646 est
358 617 470 646 fructus
503 616 562 645 olei
584 615 780 645 illuminantis
798 615 983 644 intellectum
995 623 1004 650 ;

222 665 286 702 ipse
313 664 435 701 insuper
467 663 556 693 nobis
590 665 634 692 est
662 663 774 692 fructus
805 662 904 691 mellis
935 661 1005 690 dul-

223 711 352 740 curantis
362 710 510 740 affectum.
526 712 580 740 Per
596 709 770 747 hujusmodi
785 710 862 738 certe
877 708 1006 736 fructum

222 758 339 794 vivetis,
355 758 530 793 charissimi,
546 765 609 786 non
626 756 797 786 moriemini
811 757 906 784 morte
923 757 1006 783 oeter-

223 813 272 834 na.
290 805 446 834 Benedicta
460 805 496 833 sit
512 807 589 834 terra
609 805 698 840 hujus
720 804 847 838 fructus;
863 801 1005 830 benedic-

224 855 269 880 tus
297 860 386 889 super
413 852 516 881 omnia
537 851 574 880 sit
595 852 658 888 ipse
681 851 810 885 fructus,
833 857 888 886 per
915 856 1006 886 quem

223 901 351 936 exempti
368 908 472 928 sumus
485 907 503 927 a
517 899 604 927 tantis
624 898 722 933 malis,
737 898 812 926 sicut
826 897 915 926 etiam
929 896 1007 924 bene

224 946 386 975 declaravit
403 945 569 981 AnselmuS,
588 953 657 974 cum
678 945 769 974 dixit:
788 956 800 971 «
820 944 898 979 Quid
917 943 1006 979 digne

223 994 348 1022 referam
363 993 496 1029 genitrici
506 993 553 1021 Dei
563 994 591 1021 et
601 993 717 1021 Domini
727 992 796 1027 mei,
809 992 847 1028 (ιι)
858 999 911 1028 per
923 991 1008 1026 eujus

222 1041 444 1070 foecunditatem
459 1041 592 1078 captivus
609 1049 675 1069 sum
689 1040 872 1082 redemptuS,
887 1048 942 1076 per
956 1047 1006 1068 cu-

220 1090 269 1126 Jus
284 1092 402 1127 partum
418 1090 454 1118 de
468 1092 562 1118 morte
577 1091 688 1118 aeterna
698 1097 764 1117 sum
779 1090 943 1124 exemptus,
954 1095 1008 1123 per

223 1138 308 1173 cujus
322 1137 440 1174 prolem
455 1136 588 1173 perditus
599 1144 665 1164 sum
676 1136 836 1169 restitutus,
852 1137 880 1162 et
894 1134 932 1162 de
948 1133 1008 1162 exi-

223 1184 264 1213 lio
272 1184 396 1213 miseriae
407 1184 446 1212 ad
458 1183 583 1220 patriam
593 1191 660 1211 sum
668 1182 825 1211 reduetus?
834 1192 846 1207 ι)
861 1181 1008 1210 Benedicta

223 1233 253 1258 in
267 1231 437 1264 mulieribus,
450 1230 512 1258 hoec
533 1230 635 1258 omnia
650 1229 722 1258 mihi
739 1229 822 1257 dedit
833 1228 1008 1256 benedictus

224 1278 334 1306 fruetus
345 1277 454 1306 ventris
467 1277 508 1305 tui
523 1277 552 1305 in
573 1276 796 1313 regeneratione
821 1275 1008 1311 baptismatis

223 1325 279 1353 sui.
294 1326 341 1351 vie
365 1333 437 1361 ergo
462 1324 604 1352 omnibus
625 1324 664 1351 ab
689 1323 744 1351 isto
770 1323 865 1351 fructu
885 1322 1006 1356 alienis;

224 1373 366 1409 scriptum
391 1380 521 1408 namque
544 1373 587 1399 est
603 1374 609 1390 ¹
626 1380 633 1398 :
656 1372 750 1399 Omnis
768 1371 859 1404 arbor,
879 1378 939 1405 quoe
957 1378 1009 1397 non

223 1421 292 1454 facit
306 1422 427 1454 fructum
451 1419 563 1453 bonnm,
579 1418 733 1452 excidetur,
749 1420 773 1445 et
790 1419 819 1445 ιἰι
842 1419 931 1452 iynem
948 1418 1008 1443 mit-

227 1470 306 1495 tetur.

262 1514 403 1550 Septimo,
427 1512 602 1547 charissimi,
626 1511 808 1540 necessarius
830 1512 873 1538 est
898 1510 1010 1537 fructus

228 1561 323 1590 lilarioe
335 1560 509 1589 benedictus
527 1559 566 1587 ad
583 1559 831 1587 renuntiationem
854 1558 915 1585 sive
940 1564 1010 1585 con-

227 1609 371 1645 temptum
386 1606 556 1635 substantioe
575 1605 755 1642 temporalis.
775 1605 855 1633 Unde
870 1605 899 1632 in
917 1605 1010 1632 Cunti-

228 1658 267 1684 ris
282 1656 388 1684 dicitur
399 1656 409 1671 ¹
424 1664 430 1683 ;
454 1656 503 1682 Vir
516 1655 596 1689 affert
612 1662 661 1690 pro
681 1656 777 1687 fructu
797 1654 853 1688 ejus
875 1654 949 1679 mille
964 1661 1009 1679 ar-

228 1706 351 1738 genteos:
371 1712 385 1728 α
407 1701 613 1738 llelinquendo
635 1700 823 1736 temporalia,
844 1711 857 1725 ι)
883 1700 954 1727 dicit
970 1701 1011 1728 ln-

229 1750 400 1779 terlinearis.
427 1751 516 1784 Nam,
543 1748 617 1776 sieut
643 1748 702 1776 alia
727 1748 830 1776 Glossa
853 1747 939 1781 dicit,
959 1756 1012 1783 per

228 1800 301 1826 mille
315 1797 467 1834 perfectio,
484 1804 535 1832 per
547 1798 770 1830 amentumvero
782 1802 871 1822 omne
887 1794 1013 1822 munda-

229 1853 302 1873 num
317 1844 469 1880 accipitur.
485 1842 565 1871 Unde
581 1843 667 1879 quasi
683 1842 762 1869 mille
785 1844 942 1877 argenteos
957 1849 1012 1877 pro

230 1892 287 1920 hoc
311 1892 407 1919 fructu
430 1891 493 1925 dat,
515 1890 698 1926 quicumque
721 1889 848 1925 perfecte
872 1888 1013 1916 omnihus

232 1938 445 1976 temporalibus
472 1946 526 1973 pro
550 1937 662 1965 Christo
685 1936 834 1964 renuntiat
858 1945 864 1963 z
889 1938 917 1963 et
944 1943 1012 1963 vere

231 1986 336 2015 merito
351 1994 404 2022 pro
420 1985 476 2012 hoe
488 1985 581 2012 fructu
596 1983 698 2011 onmia
712 1983 888 2019 temporalia
901 1983 1014 2010 ferven-

233 2036 275 2061 ter
290 2032 456 2069 vilipendit,
473 2031 654 2068 quicumque
676 2038 767 2066 quam
783 2029 1013 2065 pretiosissimus

232 2081 268 2108 sit
283 2081 331 2108 ille
351 2080 460 2108 fructus
482 2079 639 2114 diligenter
665 2077 802 2112 attendit,
822 2077 923 2104 dicens
938 2076 1012 2104 illud

232 2129 433 2156 Proverbz'orwn
452 2128 462 2144 ³
478 2137 484 2154 :
502 2127 599 2154 Melior
621 2129 659 2153 est
683 2127 789 2159 fructus
812 2133 883 2152 meus
905 2133 972 2152 auro
988 2127 1013 2151 et

232 2176 324 2211 lapide
337 2177 466 2211 pretioso,
477 2177 500 2202 et
515 2182 618 2209 flemma
629 2181 685 2200 mea
697 2181 762 2199 auro
774 2173 863 2199 electo.
876 2172 924 2199 Vir
937 2174 1012 2199 certe

232 2225 284 2257 est,
301 2223 483 2258 quicumque
503 2223 563 2248 tani
583 2219 674 2247 virilis
699 2221 756 2253 est;
779 2219 824 2246 vir
846 2221 944 2246 antem
962 2218 1012 2246 ille

232 2269 353 2297 viriliter
368 2277 422 2305 pro
438 2268 494 2295 hoc
518 2268 611 2295 fructu
633 2269 821 2294 contemnere
843 2266 931 2293 debet
951 2273 1013 2293 non

231 2316 329 2345 solum
344 2323 390 2343 res
405 2317 433 2343 et
453 2314 580 2346 divitias,
595 2313 647 2341 sed
663 2313 751 2341 etiam
770 2313 898 2340 honores
918 2315 945 2340 et
961 2321 1013 2348 po-

232 2363 346 2397 tentias,
362 2362 463 2390 dicens
478 2361 551 2389 illud
567 2360 693 2387 Jmla'cum
710 2362 718 2377 ⁶
739 2369 744 2387 ι
763 2361 822 2387 Xon
844 2368 951 2394 pessum
966 2360 1012 2387 de-

230 2419 315 2439 serere
330 2409 498 2437 ‹iulcedz‘nem
518 2415 601 2435 meum
616 2409 774 2441 fructusque
789 2407 969 2440 dulcissimos,
987 2410 1011 2434 ee

230 2461 270 2487 ire
291 2462 320 2486 ut
345 2461 415 2486 inter
436 2460 532 2484 coetera
552 2456 627 2489 Iz'flna
652 2462 816 2489 promovear.
841 2453 1011 2481 Suavissimi

230 2509 298 2534 sunt
313 2506 422 2533 fructus
437 2502 551 2537 Christi,
563 2504 589 2529 ct
605 2501 741 2529 charitas,
758 2501 847 2535 Ligna
857 2500 1011 2533 silvarum,

231 2553 305 2581 sieut
330 2552 400 2580 dicit
424 2551 541 2584 Glossa,
572 2551 639 2576 sunt
660 2548 795 2576 nomines
820 2547 1010 2580 infructuosi,

230 2603 339 2628 aeterno
355 2598 493 2626 incendio
510 2595 675 2633 praeparati.
692 2595 781 2630 Igitur
797 2596 918 2630 propter
937 2594 1011 2621 fruc-

263 2673 385 2702 1ΜιιΗΙι.,
409 2679 450 2702 ιιι,
477 2674 511 2695 tu.
529 2684 557 2689 —
575 2671 584 2686 ἵ
603 2670 686 2698 CnnL,
709 2675 772 2698 vni,
795 2670 832 2691 ll.
855 2681 880 2685 —
901 2668 909 2681 ³
926 2667 1009 2696 Proin,

232 2716 293 2739 vni,
313 2711 349 2732 w.
368 2721 398 2726 —-
415 2707 525 2735 ⁴J111l1'c.,
543 2713 583 2734 ix,
603 2708 638 2730 ll.
654 2718 683 2722 —
698 2705 808 2732 bin-012,
827 2709 910 2732 xviii,
925 2704 963 2726 20.
980 2716 1009 2720 —-

232 2747 240 2760 ὅ
259 2746 418 2775 ltu-runnu„
437 2752 462 2766 ιιι
489 2743 554 2767 l'xeil.
581 2748 651 2766 xcix.
672 2755 688 2759 -
722 2742 731 2757 '¹
752 2741 829 2768 Ilum„
854 2745 895 2765 xv,
924 2740 959 2762 13.
981 2752 1009 2755 -—

657 264 869 299 SPECULUM
890 263 1037 297 BEATAE
1059 265 1200 299 MARIAE
1219 266 1408 301 VIRGINIS.

1062 334 1110 362 tus
1123 334 1196 363 istos
1209 335 1404 365 suavissimos
1425 335 1548 366 viriliter
1564 338 1737 368 contemnet
1744 337 1844 369 hono-

1061 388 1110 409 res
1122 389 1213 418 super
1224 381 1309 418 ligna
1321 382 1466 412 silvarum
1479 383 1765 422 periculosissimos;
1777 385 1846 415 viri-

1061 426 1128 456 liter
1142 429 1315 458 eontemnat
1328 430 1431 459 omnia
1439 432 1562 468 propter
1571 431 1847 462 fructumbenedio-

1062 475 1134 510 tum,
1158 475 1210 512 qui
1229 478 1273 505 est
1289 484 1380 514 super
1403 478 1505 507 omnia
1524 477 1700 508 benedictus
1719 480 1794 508 Deus
1813 479 1845 508 in

1061 521 1179 550 saecula.
1612 529 1618 536 ·

1098 569 1226 604 Octavo,
1247 570 1428 606 charissimi,
1453 572 1637 602 necessarius
1662 575 1706 602 est
1735 573 1846 602 fructus

1061 615 1158 644 Mariua
1173 615 1348 646 benedictus
1360 617 1400 646 ad
1419 617 1693 656 locupletationem,
1715 620 1778 649 sive
1799 628 1846 649 re-

1060 661 1226 698 pletionem
1251 663 1359 693 animae
1381 661 1545 694 rationalis.
1574 666 1656 695 Unde
1685 666 1793 696 dicitur
1813 667 1846 696 in

1061 709 1216 738 Proverbiis
1231 710 1243 729 ⁵
1257 720 1264 738 :
1277 712 1317 739 De
1327 712 1423 746 fructu
1435 714 1492 741 oris
1503 714 1548 741 sui
1557 715 1744 750 unusquisque
1757 715 1846 751 repto-

1062 756 1137 784 bitur
1147 757 1233 786 bonis.
1249 758 1408 787 Dominum
1421 759 1522 787 lesum
1533 767 1596 788 non
1607 760 1706 789 solum
1716 761 1846 790 fructum

1061 803 1183 839 ventris,
1197 804 1250 833 sed
1265 805 1355 833 etiam
1374 805 1503 835 fructum
1521 807 1581 835 oris
1604 815 1665 836 non
1680 807 1846 844 incongrue

1061 849 1217 885 fateamur,
1243 851 1315 888 quia
1337 852 1430 889 ipsius
1456 853 1517 882 oris
1540 853 1761 890 praedicatione,
1785 855 1846 884 oris

1062 897 1248 927 confessione
1269 901 1297 928 et
1317 900 1378 928 oris
1398 900 1531 929 oratione
1553 909 1721 938 meremur;
1746 902 1845 939 ipsum

1063 952 1184 980 quoque
1197 953 1249 974 ore
1268 947 1406 976 exteriori
1422 947 1569 976 sumimus
1583 948 1846 984 sacramentaliter,

1063 999 1116 1020 ore
1128 999 1251 1029 quoque
1266 992 1397 1022 interiori
1413 994 1613 1031 spiritualiter.
1631 997 1752 1031 Propter
1761 995 1847 1032 quod

1064 1038 1260 1075 Hieronymus
1271 1040 1312 1068 ait
1325 1041 1335 1058 ⁸
1351 1049 1357 1068 :
1380 1051 1392 1066 a
1407 1040 1474 1069 Flos
1490 1042 1586 1070 Mariae
1599 1041 1694 1070 factus
1713 1044 1756 1070 est
1768 1041 1847 1070 fruc-

1063 1087 1120 1121 tus,
1136 1087 1168 1114 ut.
1182 1093 1236 1114 nos
1251 1086 1338 1115 illum
1352 1088 1588 1117 comederemus.
1601 1098 1615 1114 ι
1631 1090 1670 1118 De
1682 1089 1738 1117 isto
1749 1088 1846 1118 fructu

1063 1133 1122 1160 oris
1138 1134 1342 1171 unusquisque
1361 1135 1526 1171 replebitur
1541 1135 1638 1164 fidelis
1652 1135 1740 1165 bonis
1762 1136 1848 1173 spiri-

1064 1179 1189 1208 tualium
1204 1181 1385 1217 divitiarum,
1401 1182 1501 1216 bonis,
1516 1183 1652 1220 inquam,
1667 1183 1810 1212 virtutum
1820 1186 1849 1213 et
1898 1203 1902 1208 -

1063 1228 1236 1262 gratiarum.
1253 1229 1290 1257 De
1304 1229 1408 1257 talium
1422 1229 1573 1258 bonorum
1590 1230 1754 1267 repletione
1769 1233 1847 1268 Apo-

1063 1274 1156 1302 stolus
1176 1275 1247 1304 dicit
1260 1277 1270 1293 ⁷
1287 1285 1293 1304 :
1309 1278 1378 1304 Deus
1401 1279 1490 1305 autem
1510 1279 1570 1313 spei
1588 1279 1691 1313 repleat
1714 1286 1760 1306 vos
1774 1280 1849 1306 omni

1063 1322 1165 1356 gaudio
1180 1325 1205 1349 et
1219 1331 1285 1358 pace
1304 1325 1333 1350 in
1347 1324 1488 1357 credendo,
1503 1327 1534 1352 ut
1548 1325 1692 1353 abundetis
1708 1327 1738 1353 in
1757 1333 1805 1361 spe
1822 1327 1849 1353 et

1063 1371 1165 1398 virtute
1180 1370 1304 1406 Spiritus
1324 1374 1422 1400 sancti.
1439 1373 1462 1400 Ο
1477 1380 1543 1401 vere
1556 1372 1644 1401 beata
1662 1373 1754 1409 hujus
1773 1373 1850 1401 fruc-

1064 1418 1110 1444 tus
1124 1417 1290 1453 plenitudo,
1307 1427 1368 1455 qua
1382 1419 1512 1456 repletus
1523 1422 1566 1448 est
1585 1427 1646 1448 nen
1664 1419 1764 1448 solum
1778 1427 1850 1456 ager

1065 1464 1190 1499 Virginis
1211 1465 1290 1493 hune
1312 1465 1440 1494 fructum
1460 1466 1664 1502 producentis,
1687 1467 1740 1495 sed
1760 1467 1849 1496 etiam

1065 1519 1167 1539 saccus
1182 1512 1414 1549 uniuscujusque
1430 1513 1527 1541 fidelis
1542 1514 1620 1542 hunc
1634 1514 1764 1542 fructum
1778 1522 1849 1542 con·

1066 1558 1197 1590 liuentis,
1215 1559 1289 1588 sicut
1304 1562 1383 1596 patet
1403 1568 1456 1596 per
1475 1560 1598 1589 beatum
1618 1561 1849 1598 Hieronymum,

1067 1606 1118 1641 qui
1133 1606 1173 1634 ait
1186 1607 1196 1623 ⁸
1210 1616 1216 1634 :
1231 1617 1244 1632 «
1256 1608 1331 1634 Bene
1342 1615 1413 1642 ager
1424 1607 1530 1643 plenus
1542 1607 1660 1643 dicitur,
1672 1608 1743 1644 qula
1760 1607 1850 1644 plena

1067 1653 1153 1687 virgo
1172 1653 1259 1681 Maria
1278 1654 1497 1690 pronuntiatur,
1521 1654 1559 1682 de
1581 1655 1665 1690 qu'us
1688 1657 1772 1684 utero
1788 1663 1850 1683 cre·

1068 1700 1208 1727 dentibus
1222 1700 1332 1728 fructus
1350 1701 1415 1728 vitae
1441 1701 1594 1737 processit,
1617 1703 1646 1730 et
1666 1709 1721 1730 nos
1746 1709 1851 1730 omnes

1068 1745 1106 1774 de
1128 1746 1314 1782 plenitudine
1349 1747 1412 1783 ejus
1441 1748 1605 1785 accipimus
1635 1748 1759 1784 gratiam
1794 1756 1850 1785 pro

1070 1793 1174 1828 gratia.
1192 1805 1204 1817 n

1105 1843 1200 1875 Nono,
1216 1841 1390 1876 charissimi,
1411 1843 1595 1872 necessarius
1607 1844 1651 1871 est
1664 1842 1776 1871 fruetus
1790 1844 1850 1872 Ma-

1069 1888 1118 1915 riae
1131 1887 1305 1916 benedictus
1320 1889 1359 1917 ad
1372 1889 1583 1926 perfectionem
1598 1889 1664 1918 vitae
1678 1889 1850 1926 spiritualis.

1070 1935 1151 1963 Unde
1163 1935 1200 1963 de
1211 1935 1275 1963 viro
1291 1936 1421 1972 perfecto
1432 1936 1508 1965 bene
1525 1936 1555 1964 in
1571 1936 1686 1965 Psalmo
1702 1936 1811 1965 dicitur
1821 1937 1850 1965 ⁹:

1070 1983 1104 2010 Et
1120 1984 1172 2010 erit
1187 1986 1316 2018 tanquam
1335 1984 1438 2018 lignum
1453 1984 1525 2019 quod
1546 1985 1703 2019 plantatum
1722 1987 1760 2012 est
1778 1993 1852 2013 secus

1070 2030 1196 2058 ‹Iecursus
1217 2039 1362 2066 aquarum,
1387 2034 1454 2065 etc„
1482 2039 1589 2068 usque,
1611 2033 1851 2068 prosperabuntur.

1070 2077 1146 2111 Quid
1171 2077 1335 2113 intelligere
1360 2077 1505 2106 debemus
1526 2087 1579 2114 per
1602 2079 1743 2107 decursus
1758 2087 1852 2116 nqua-

1070 2132 1154 2159 rum,
1186 2125 1242 2152 nisi
1274 2124 1460 2160 irrigationes
1485 2125 1647 2160 gratiarum
1658 2147 1666 2161 ,
1696 2133 1750 2162 per
1778 2134 1853 2163 quas

1070 2171 1161 2199 homo
1187 2171 1248 2205 dat,
1271 2171 1332 2199 sive
1361 2171 1473 2207 profert
1498 2171 1627 2200 fructum
1650 2180 1738 2200 suum
1755 2173 1852 2201 Domi-

1070 2226 1143 2246 num
1157 2219 1257 2245 iesum
1271 2218 1438 2246 Christum?
1453 2220 1520 2246 Tres
1532 2220 1629 2246 autem
1643 2219 1691 2247 hie
1706 2219 1853 2248 conditio-

1070 2273 1122 2293 nes
1145 2265 1283 2301 pert'ectae
1306 2265 1372 2292 vitm
1395 2265 1595 2299 insinuantur,
1617 2274 1683 2302 quae
1699 2266 1852 2294 hominem

1070 2312 1126 2340 hoc
1142 2312 1237 2340 fructu
1252 2312 1434 2340 fructiferum
1450 2313 1638 2341 comitantur.
1655 2313 1851 2341 Perfectorum

1069 2367 1200 2395 namque
1215 2361 1257 2386 cst
1277 2360 1393 2395 tempus
1412 2367 1499 2387 suum
1518 2367 1579 2387 non
1599 2359 1766 2395 negligere;
1780 2367 1850 2395 pro-

1069 2409 1134 2441 pter
1148 2405 1231 2441 quod
1246 2405 1321 2433 bene
1337 2405 1442 2434 dicitur
1455 2406 1475 2422 ¹⁰
1490 2415 1496 2433 :
1514 2407 1628 2434 Fructus
1644 2414 1705 2433 suos
1725 2407 1760 2441 (b)
1775 2406 1852 2433 dabit

1070 2454 1098 2479 εἰι
1111 2456 1226 2487 tempore
1236 2460 1293 2480 suo.
1310 2452 1509 2481 Pei—sectorum
1521 2461 1643 2489 quoque
1655 2452 1738 2480 estin
1751 2452 1851 2480 verbis

1069 2499 1223 2527 inutilibus
1238 2507 1298 2527 non
1315 2499 1457 2533 defluere,
1473 2502 1594 2536 propter
1605 2499 1688 2535 quod
1704 2499 1781 2527 bene
1796 2499 1850 2527 ad-

1069 2546 1171 2574 ditur:
1196 2548 1230 2574 Ee
1251 2547 1351 2580 solium
1370 2547 1427 2581 eJ'us
1449 2555 1500 2574 non
1522 2547 1629 2580 defluet.
1651 2546 1850 2574 Perfectorum

1068 2593 1189 2629 insuper
1214 2596 1267 2627 est,
1293 2602 1359 2629 quae
1380 2593 1495 2629 spiritui
1517 2600 1660 2629 prospera
1680 2596 1764 2627 sunt,
1789 2601 1850 2621 non

1070 2662 1077 2675 ⁹
1097 2662 1212 2691 Hieron„
1232 2661 1261 2684 (le
1280 2661 1405 2691 Assumpt.
1430 2660 1457 2684 B.
1486 2660 1523 2689 V..
1544 2667 1633 2690 serm„
1656 2660 1707 2685 sive
1730 2661 1804 2692 epist.
1822 2667 1848 2686 x.

1067 2709 1097 2714 —
1112 2698 1120 2710 ⁹
1137 2696 1205 2721 l'sal.
1223 2702 1239 2726 1,
1255 2699 1278 2726 tx,
1296 2698 1318 2720 4,
1335 2709 1364 2713 —
1380 2697 1397 2712 ¹⁰
1412 2695 1519 2719 ibidem.

1102 2741 1132 2769 (a)
1151 2741 1210 2763 Uet.
1227 2739 1287 2762 ulit.
1303 2738 1364 2761 add.
1380 2740 1413 2761 «et.
1432 2750 1459 2755 --
1476 2738 1512 2768 (b)
1532 2737 1604 2769 Vulg.
1620 2739 1730 2768 fructum
1746 2746 1827 2762 suum.
