<?xml version="1.0" encoding="UTF-8"?>
<!DOCTYPE html PUBLIC "-//W3C//DTD XHTML 1.0 Transitional//EN"
    "http://www.w3.org/TR/xhtml1/DTD/xhtml1-transitional.dtd">
<html xmlns="http://www.w3.org/1999/xhtml" xml:lang="en" lang="en">
 <head>
  <title>
</title>
<meta http-equiv="Content-Type" content="text/html;charset=utf-8" />
  <meta name='ocr-system' content='tesseract 3.04.00' />
  <meta name='ocr-capabilities' content='ocr_page ocr_carea ocr_par ocr_line ocrx_word'/>
</head>
<body>
  <div class='ocr_page' id='page_1' title='image "./operaomniasixtiv14bonauoft_0047.png"; bbox 0 0 2060 3052; ppageno 0'>
   <div class='ocr_carea' id='block_1_1' title="bbox 642 197 1765 234">
    <p class='ocr_par' dir='ltr' id='par_1_1' title="bbox 642 197 1765 234">
     <span class='ocr_line' id='line_1_1' title="bbox 642 197 1765 234; baseline -0.006 0"><span class='ocrx_word' id='word_1_1' title='bbox 642 202 691 234; x_wconf 79' lang='lat' dir='ltr'>DE</span> <span class='ocrx_word' id='word_1_2' title='bbox 713 201 770 234; x_wconf 91' lang='lat' dir='ltr'>SS.</span> <span class='ocrx_word' id='word_1_3' title='bbox 793 200 1024 233; x_wconf 82' lang='lat' dir='ltr'>APOSTOLIS.</span> <span class='ocrx_word' id='word_1_4' title='bbox 1050 199 1185 232; x_wconf 85' lang='lat' dir='ltr'>SERMO</span> <span class='ocrx_word' id='word_1_5' title='bbox 1210 199 1262 232; x_wconf 88' lang='lat' dir='ltr'>IV.</span> <span class='ocrx_word' id='word_1_6' title='bbox 1745 197 1765 227; x_wconf 87' lang='grc'><strong>9</strong></span> 
     </span>
    </p>
   </div>
   <div class='ocr_carea' id='block_1_2' title="bbox 139 269 927 1581">
    <p class='ocr_par' dir='ltr' id='par_1_2' title="bbox 140 269 926 827">
     <span class='ocr_line' id='line_1_2' title="bbox 141 269 923 309; baseline -0.005 -9"><span class='ocrx_word' id='word_1_7' title='bbox 141 270 203 300; x_wconf 86' lang='lat' dir='ltr'>vita</span> <span class='ocrx_word' id='word_1_8' title='bbox 217 280 271 300; x_wconf 88' lang='lat' dir='ltr'>sua</span> <span class='ocrx_word' id='word_1_9' title='bbox 285 271 333 309; x_wconf 86' lang='lat' dir='ltr'>(a).</span> <span class='ocrx_word' id='word_1_10' title='bbox 349 281 364 300; x_wconf 84' lang='lat'>»</span> <span class='ocrx_word' id='word_1_11' title='bbox 382 270 555 300; x_wconf 85' lang='lat' dir='ltr'>Ambrosius</span> <span class='ocrx_word' id='word_1_12' title='bbox 567 271 576 288; x_wconf 89' lang='lat'><strong>¹</strong></span> <span class='ocrx_word' id='word_1_13' title='bbox 592 280 598 298; x_wconf 91' lang='lat'>:</span> <span class='ocrx_word' id='word_1_14' title='bbox 617 278 631 296; x_wconf 78' lang='grc' dir='ltr'>ι(</span> <span class='ocrx_word' id='word_1_15' title='bbox 645 269 747 298; x_wconf 87' lang='lat' dir='ltr'>Lauda</span> <span class='ocrx_word' id='word_1_16' title='bbox 760 270 829 306; x_wconf 88' lang='lat' dir='ltr'>post</span> <span class='ocrx_word' id='word_1_17' title='bbox 843 276 923 297; x_wconf 85' lang='lat' dir='ltr'>mor-</span> 
     </span>
     <span class='ocr_line' id='line_1_3' title="bbox 142 316 924 355; baseline -0.003 -9"><span class='ocrx_word' id='word_1_18' title='bbox 142 320 212 353; x_wconf 86' lang='lat' dir='ltr'>tem,</span> <span class='ocrx_word' id='word_1_19' title='bbox 227 319 320 348; x_wconf 86' lang='lat' dir='ltr'>lauda</span> <span class='ocrx_word' id='word_1_20' title='bbox 341 320 408 355; x_wconf 90' lang='lat' dir='ltr'>post</span> <span class='ocrx_word' id='word_1_21' title='bbox 429 317 719 346; x_wconf 82' lang='lat' dir='ltr'><strong>consummationem</strong></span> <span class='ocrx_word' id='word_1_22' title='bbox 737 326 744 345; x_wconf 88' lang='lat'>:</span> <span class='ocrx_word' id='word_1_23' title='bbox 759 316 853 345; x_wconf 88' lang='lat' dir='ltr'>lauda</span> <span class='ocrx_word' id='word_1_24' title='bbox 870 323 924 344; x_wconf 88' lang='lat' dir='ltr'>na—</span> 
     </span>
     <span class='ocr_line' id='line_1_4' title="bbox 141 364 924 402; baseline -0.004 -8"><span class='ocrx_word' id='word_1_25' title='bbox 141 365 268 402; x_wconf 84' lang='lat' dir='ltr'>vigantis</span> <span class='ocrx_word' id='word_1_26' title='bbox 283 365 462 400; x_wconf 82' lang='lat' dir='ltr'><strong>felicitatem,</strong></span> <span class='ocrx_word' id='word_1_27' title='bbox 474 365 527 393; x_wconf 90' lang='lat' dir='ltr'>sed</span> <span class='ocrx_word' id='word_1_28' title='bbox 539 372 608 393; x_wconf 79' lang='lat' dir='ltr'>cum</span> <span class='ocrx_word' id='word_1_29' title='bbox 620 364 789 400; x_wconf 83' lang='lat' dir='ltr'>pervenerit</span> <span class='ocrx_word' id='word_1_30' title='bbox 802 364 840 392; x_wconf 88' lang='lat' dir='ltr'>ad</span> <span class='ocrx_word' id='word_1_31' title='bbox 853 371 924 400; x_wconf 89' lang='lat' dir='ltr'>por-</span> 
     </span>
     <span class='ocr_line' id='line_1_5' title="bbox 142 411 924 447; baseline -0.004 -6"><span class='ocrx_word' id='word_1_32' title='bbox 142 414 221 441; x_wconf 85' lang='lat' dir='ltr'>tum:</span> <span class='ocrx_word' id='word_1_33' title='bbox 234 413 326 441; x_wconf 83' lang='lat' dir='ltr'>lauda</span> <span class='ocrx_word' id='word_1_34' title='bbox 341 412 424 440; x_wconf 83' lang='lat' dir='ltr'>ducis</span> <span class='ocrx_word' id='word_1_35' title='bbox 437 412 587 444; x_wconf 87' lang='lat' dir='ltr'>virtutem,</span> <span class='ocrx_word' id='word_1_36' title='bbox 604 411 656 440; x_wconf 89' lang='lat' dir='ltr'>sed</span> <span class='ocrx_word' id='word_1_37' title='bbox 673 419 741 439; x_wconf 86' lang='lat' dir='ltr'>cum</span> <span class='ocrx_word' id='word_1_38' title='bbox 761 411 924 447; x_wconf 89' lang='lat' dir='ltr'>perductus</span> 
     </span>
     <span class='ocr_line' id='line_1_6' title="bbox 142 458 924 496; baseline -0.003 -9"><span class='ocrx_word' id='word_1_39' title='bbox 142 461 184 488; x_wconf 92' lang='lat' dir='ltr'>est</span> <span class='ocrx_word' id='word_1_40' title='bbox 199 459 238 488; x_wconf 84' lang='lat' dir='ltr'>ad</span> <span class='ocrx_word' id='word_1_41' title='bbox 258 459 452 496; x_wconf 86' lang='lat' dir='ltr'>triumphum.</span> <span class='ocrx_word' id='word_1_42' title='bbox 475 469 489 486; x_wconf 83' lang='lat'>»</span> <span class='ocrx_word' id='word_1_43' title='bbox 514 458 571 488; x_wconf 87' lang='lat' dir='ltr'>Sed</span> <span class='ocrx_word' id='word_1_44' title='bbox 595 458 720 495; x_wconf 87' lang='lat' dir='ltr'>quidam</span> <span class='ocrx_word' id='word_1_45' title='bbox 738 466 801 486; x_wconf 90' lang='lat' dir='ltr'>non</span> <span class='ocrx_word' id='word_1_46' title='bbox 828 459 924 486; x_wconf 80' lang='lat' dir='ltr'>atten-</span> 
     </span>
     <span class='ocr_line' id='line_1_7' title="bbox 141 505 925 543; baseline -0.003 -9"><span class='ocrx_word' id='word_1_47' title='bbox 141 506 243 534; x_wconf 81' lang='lat' dir='ltr'>dentes</span> <span class='ocrx_word' id='word_1_48' title='bbox 255 506 324 542; x_wconf 88' lang='lat' dir='ltr'>ista,</span> <span class='ocrx_word' id='word_1_49' title='bbox 340 507 417 535; x_wconf 88' lang='lat' dir='ltr'>bene</span> <span class='ocrx_word' id='word_1_50' title='bbox 439 506 585 543; x_wconf 87' lang='lat' dir='ltr'>incipiunt</span> <span class='ocrx_word' id='word_1_51' title='bbox 591 515 600 542; x_wconf 70' lang='grc' dir='ltr'><strong><em>ς</em></strong></span> <span class='ocrx_word' id='word_1_52' title='bbox 616 506 669 534; x_wconf 90' lang='lat' dir='ltr'>sed</span> <span class='ocrx_word' id='word_1_53' title='bbox 683 507 750 533; x_wconf 88' lang='lat' dir='ltr'>ante</span> <span class='ocrx_word' id='word_1_54' title='bbox 765 505 857 533; x_wconf 89' lang='lat' dir='ltr'>finem</span> <span class='ocrx_word' id='word_1_55' title='bbox 873 505 925 532; x_wconf 86' lang='lat' dir='ltr'>de-</span> 
     </span>
     <span class='ocr_line' id='line_1_8' title="bbox 140 551 924 589; baseline -0.003 -8"><span class='ocrx_word' id='word_1_56' title='bbox 140 553 253 582; x_wconf 89' lang='lat' dir='ltr'>ficiunt.</span> <span class='ocrx_word' id='word_1_57' title='bbox 263 554 294 581; x_wconf 92' lang='lat' dir='ltr'>ln</span> <span class='ocrx_word' id='word_1_58' title='bbox 305 553 541 589; x_wconf 86' lang='lat' dir='ltr'>Quadragesima</span> <span class='ocrx_word' id='word_1_59' title='bbox 554 553 757 589; x_wconf 84' lang='lat' dir='ltr'>poenitentiam</span> <span class='ocrx_word' id='word_1_60' title='bbox 768 551 924 589; x_wconf 87' lang='lat' dir='ltr'>incipiunt,</span> 
     </span>
     <span class='ocr_line' id='line_1_9' title="bbox 141 599 925 637; baseline -0.004 -8"><span class='ocrx_word' id='word_1_61' title='bbox 141 609 233 637; x_wconf 85' lang='lat' dir='ltr'>qnam</span> <span class='ocrx_word' id='word_1_62' title='bbox 259 601 357 629; x_wconf 87' lang='lat' dir='ltr'>statim</span> <span class='ocrx_word' id='word_1_63' title='bbox 380 600 412 628; x_wconf 91' lang='lat' dir='ltr'>in</span> <span class='ocrx_word' id='word_1_64' title='bbox 434 600 546 629; x_wconf 80' lang='lat' dir='ltr'><strong>Pascha</strong></span> <span class='ocrx_word' id='word_1_65' title='bbox 570 600 735 636; x_wconf 91' lang='lat' dir='ltr'>deponunt.</span> <span class='ocrx_word' id='word_1_66' title='bbox 758 599 841 627; x_wconf 87' lang='lat' dir='ltr'>Tales</span> <span class='ocrx_word' id='word_1_67' title='bbox 857 601 925 627; x_wconf 89' lang='lat' dir='ltr'>sunt</span> 
     </span>
     <span class='ocr_line' id='line_1_10' title="bbox 141 646 925 684; baseline -0.004 -8"><span class='ocrx_word' id='word_1_68' title='bbox 141 648 208 676; x_wconf 87' lang='lat' dir='ltr'>cani</span> <span class='ocrx_word' id='word_1_69' title='bbox 222 647 343 683; x_wconf 84' lang='lat' dir='ltr'>similes,</span> <span class='ocrx_word' id='word_1_70' title='bbox 365 647 417 684; x_wconf 86' lang='lat' dir='ltr'>qui</span> <span class='ocrx_word' id='word_1_71' title='bbox 433 647 584 684; x_wconf 86' lang='lat' dir='ltr'>superflua</span> <span class='ocrx_word' id='word_1_72' title='bbox 605 646 718 682; x_wconf 88' lang='lat' dir='ltr'>rejicit,</span> <span class='ocrx_word' id='word_1_73' title='bbox 743 655 809 683; x_wconf 84' lang='lat' dir='ltr'>quae</span> <span class='ocrx_word' id='word_1_74' title='bbox 825 654 925 674; x_wconf 86' lang='lat' dir='ltr'>come-</span> 
     </span>
     <span class='ocr_line' id='line_1_11' title="bbox 141 693 925 730; baseline -0.003 -7"><span class='ocrx_word' id='word_1_75' title='bbox 141 695 199 730; x_wconf 89' lang='lat' dir='ltr'>dit;</span> <span class='ocrx_word' id='word_1_76' title='bbox 215 696 243 723; x_wconf 89' lang='lat' dir='ltr'>et</span> <span class='ocrx_word' id='word_1_77' title='bbox 258 696 459 730; x_wconf 77' lang='lat' dir='ltr'>comesturus,</span> <span class='ocrx_word' id='word_1_78' title='bbox 479 695 586 722; x_wconf 89' lang='lat' dir='ltr'>iterum</span> <span class='ocrx_word' id='word_1_79' title='bbox 608 693 648 722; x_wconf 89' lang='lat' dir='ltr'>ad</span> <span class='ocrx_word' id='word_1_80' title='bbox 663 702 698 722; x_wconf 89' lang='lat' dir='ltr'>ea</span> <span class='ocrx_word' id='word_1_81' title='bbox 711 693 799 722; x_wconf 87' lang='lat' dir='ltr'>redit.</span> <span class='ocrx_word' id='word_1_82' title='bbox 817 696 925 722; x_wconf 84' lang='lat' dir='ltr'>Porcus</span> 
     </span>
     <span class='ocr_line' id='line_1_12' title="bbox 141 741 926 779; baseline -0.004 -7"><span class='ocrx_word' id='word_1_83' title='bbox 141 743 229 772; x_wconf 89' lang='lat' dir='ltr'>etiam</span> <span class='ocrx_word' id='word_1_84' title='bbox 244 743 323 772; x_wconf 82' lang='lat' dir='ltr'>lotus</span> <span class='ocrx_word' id='word_1_85' title='bbox 345 742 449 779; x_wconf 87' lang='lat' dir='ltr'>aquis,</span> <span class='ocrx_word' id='word_1_86' title='bbox 474 742 514 770; x_wconf 89' lang='lat' dir='ltr'>ad</span> <span class='ocrx_word' id='word_1_87' title='bbox 535 742 631 770; x_wconf 84' lang='lat' dir='ltr'>lutum</span> <span class='ocrx_word' id='word_1_88' title='bbox 653 743 758 778; x_wconf 87' lang='lat' dir='ltr'>sponte</span> <span class='ocrx_word' id='word_1_89' title='bbox 781 741 876 776; x_wconf 86' lang='lat' dir='ltr'>redit,</span> <span class='ocrx_word' id='word_1_90' title='bbox 898 743 926 769; x_wconf 90' lang='lat' dir='ltr'>et</span> 
     </span>
     <span class='ocr_line' id='line_1_13' title="bbox 140 789 781 827; baseline -0.006 -7"><span class='ocrx_word' id='word_1_91' title='bbox 140 791 236 827; x_wconf 86' lang='lat' dir='ltr'>magis</span> <span class='ocrx_word' id='word_1_92' title='bbox 251 791 356 826; x_wconf 86' lang='lat' dir='ltr'>lutum,</span> <span class='ocrx_word' id='word_1_93' title='bbox 373 798 465 827; x_wconf 88' lang='lat' dir='ltr'>quam</span> <span class='ocrx_word' id='word_1_94' title='bbox 478 789 658 818; x_wconf 78' lang='lat' dir='ltr'><strong>munditiam</strong></span> <span class='ocrx_word' id='word_1_95' title='bbox 673 789 781 825; x_wconf 81' lang='lat' dir='ltr'><strong>diligit.</strong></span> 
     </span>
    </p>

    <p class='ocr_par' dir='ltr' id='par_1_3' title="bbox 139 836 927 1581">
     <span class='ocr_line' id='line_1_14' title="bbox 176 836 925 874; baseline -0.005 -7"><span class='ocrx_word' id='word_1_96' title='bbox 176 839 221 867; x_wconf 87' lang='lat' dir='ltr'>Sic</span> <span class='ocrx_word' id='word_1_97' title='bbox 236 838 326 874; x_wconf 86' lang='lat' dir='ltr'>igitur</span> <span class='ocrx_word' id='word_1_98' title='bbox 340 839 420 874; x_wconf 88' lang='lat' dir='ltr'>patet</span> <span class='ocrx_word' id='word_1_99' title='bbox 433 846 471 866; x_wconf 82' lang='lat' dir='ltr'>ex</span> <span class='ocrx_word' id='word_1_100' title='bbox 484 837 540 872; x_wconf 89' lang='lat' dir='ltr'>his,</span> <span class='ocrx_word' id='word_1_101' title='bbox 553 845 619 873; x_wconf 85' lang='lat' dir='ltr'>quae</span> <span class='ocrx_word' id='word_1_102' title='bbox 629 837 723 864; x_wconf 84' lang='lat' dir='ltr'>tribus</span> <span class='ocrx_word' id='word_1_103' title='bbox 734 836 925 864; x_wconf 86' lang='lat' dir='ltr'>sermonibus</span> 
     </span>
     <span class='ocr_line' id='line_1_15' title="bbox 140 884 925 922; baseline -0.003 -8"><span class='ocrx_word' id='word_1_104' title='bbox 140 888 208 914; x_wconf 91' lang='lat' dir='ltr'>sunt</span> <span class='ocrx_word' id='word_1_105' title='bbox 234 886 372 921; x_wconf 86' lang='lat' dir='ltr'>collecta,</span> <span class='ocrx_word' id='word_1_106' title='bbox 404 886 489 922; x_wconf 92' lang='lat' dir='ltr'>quod</span> <span class='ocrx_word' id='word_1_107' title='bbox 521 887 563 913; x_wconf 91' lang='lat' dir='ltr'>est</span> <span class='ocrx_word' id='word_1_108' title='bbox 593 884 783 913; x_wconf 88' lang='lat' dir='ltr'>considerare</span> <span class='ocrx_word' id='word_1_109' title='bbox 809 884 925 919; x_wconf 88' lang='lat' dir='ltr'>stellas,</span> 
     </span>
     <span class='ocr_line' id='line_1_16' title="bbox 140 932 925 970; baseline -0.003 -9"><span class='ocrx_word' id='word_1_110' title='bbox 140 933 244 970; x_wconf 86' lang='lat' dir='ltr'>quoad</span> <span class='ocrx_word' id='word_1_111' title='bbox 259 933 434 968; x_wconf 80' lang='lat' dir='ltr'>essentiam,</span> <span class='ocrx_word' id='word_1_112' title='bbox 448 933 551 969; x_wconf 88' lang='lat' dir='ltr'>quoad</span> <span class='ocrx_word' id='word_1_113' title='bbox 576 932 778 968; x_wconf 81' lang='lat' dir='ltr'>apparentiam</span> <span class='ocrx_word' id='word_1_114' title='bbox 789 953 797 966; x_wconf 92' lang='lat'>,</span> <span class='ocrx_word' id='word_1_115' title='bbox 822 932 925 968; x_wconf 87' lang='lat' dir='ltr'>quoad</span> 
     </span>
     <span class='ocr_line' id='line_1_17' title="bbox 139 979 924 1017; baseline -0.001 -9"><span class='ocrx_word' id='word_1_116' title='bbox 139 980 376 1017; x_wconf 79' lang='lat' dir='ltr'>permanentiam</span> <span class='ocrx_word' id='word_1_117' title='bbox 386 1002 394 1015; x_wconf 93' lang='lat'>,</span> <span class='ocrx_word' id='word_1_118' title='bbox 429 982 456 1008; x_wconf 87' lang='lat' dir='ltr'>et</span> <span class='ocrx_word' id='word_1_119' title='bbox 484 980 588 1016; x_wconf 88' lang='lat' dir='ltr'>quoad</span> <span class='ocrx_word' id='word_1_120' title='bbox 618 979 815 1007; x_wconf 85' lang='lat' dir='ltr'>influentiam.</span> <span class='ocrx_word' id='word_1_121' title='bbox 851 981 924 1007; x_wconf 87' lang='lat' dir='ltr'>Nam</span> 
     </span>
     <span class='ocr_line' id='line_1_18' title="bbox 141 1026 926 1064; baseline -0.003 -8"><span class='ocrx_word' id='word_1_122' title='bbox 141 1028 244 1064; x_wconf 89' lang='lat' dir='ltr'>quoad</span> <span class='ocrx_word' id='word_1_123' title='bbox 258 1027 432 1062; x_wconf 84' lang='lat' dir='ltr'>essentiam,</span> <span class='ocrx_word' id='word_1_124' title='bbox 449 1029 517 1055; x_wconf 90' lang='lat' dir='ltr'>sunt</span> <span class='ocrx_word' id='word_1_125' title='bbox 531 1035 628 1063; x_wconf 80' lang='lat' dir='ltr'>purae,</span> <span class='ocrx_word' id='word_1_126' title='bbox 644 1028 711 1054; x_wconf 91' lang='lat' dir='ltr'>sunt</span> <span class='ocrx_word' id='word_1_127' title='bbox 726 1026 801 1059; x_wconf 82' lang='lat' dir='ltr'>altae,</span> <span class='ocrx_word' id='word_1_128' title='bbox 817 1028 884 1054; x_wconf 90' lang='lat' dir='ltr'>sunt</span> <span class='ocrx_word' id='word_1_129' title='bbox 899 1028 926 1055; x_wconf 88' lang='lat' dir='ltr'>et</span> 
     </span>
     <span class='ocr_line' id='line_1_19' title="bbox 140 1074 924 1112; baseline -0.001 -10"><span class='ocrx_word' id='word_1_130' title='bbox 140 1074 289 1112; x_wconf 59' lang='lat' dir='ltr'>sphaericae</span> <span class='ocrx_word' id='word_1_131' title='bbox 312 1084 317 1102; x_wconf 91' lang='lat'>:</span> <span class='ocrx_word' id='word_1_132' title='bbox 342 1076 370 1102; x_wconf 90' lang='lat' dir='ltr'>et</span> <span class='ocrx_word' id='word_1_133' title='bbox 395 1074 432 1102; x_wconf 88' lang='lat' dir='ltr'>de</span> <span class='ocrx_word' id='word_1_134' title='bbox 456 1074 502 1103; x_wconf 89' lang='lat' dir='ltr'>his</span> <span class='ocrx_word' id='word_1_135' title='bbox 527 1074 639 1102; x_wconf 87' lang='lat' dir='ltr'>dictum</span> <span class='ocrx_word' id='word_1_136' title='bbox 664 1076 707 1102; x_wconf 89' lang='lat' dir='ltr'>est</span> <span class='ocrx_word' id='word_1_137' title='bbox 729 1074 759 1101; x_wconf 92' lang='lat' dir='ltr'>in</span> <span class='ocrx_word' id='word_1_138' title='bbox 786 1082 924 1102; x_wconf 82' lang='lat' dir='ltr'>sermone</span> 
     </span>
     <span class='ocr_line' id='line_1_20' title="bbox 139 1121 925 1158; baseline -0.001 -9"><span class='ocrx_word' id='word_1_139' title='bbox 139 1121 248 1157; x_wconf 89' lang='lat' dir='ltr'>primo.</span> <span class='ocrx_word' id='word_1_140' title='bbox 270 1123 418 1155; x_wconf 87' lang='lat' dir='ltr'>Quantum</span> <span class='ocrx_word' id='word_1_141' title='bbox 433 1121 472 1149; x_wconf 89' lang='lat' dir='ltr'>ad</span> <span class='ocrx_word' id='word_1_142' title='bbox 489 1121 712 1158; x_wconf 85' lang='lat' dir='ltr'>apparentiam,</span> <span class='ocrx_word' id='word_1_143' title='bbox 731 1123 799 1149; x_wconf 91' lang='lat' dir='ltr'>sunt</span> <span class='ocrx_word' id='word_1_144' title='bbox 812 1129 925 1157; x_wconf 75' lang='lat' dir='ltr'>parvoe,</span> 
     </span>
     <span class='ocr_line' id='line_1_21' title="bbox 141 1164 926 1205; baseline -0.001 -8"><span class='ocrx_word' id='word_1_145' title='bbox 141 1164 208 1197; x_wconf 76' lang='lat' dir='ltr'>sunt</span> <span class='ocrx_word' id='word_1_146' title='bbox 222 1169 354 1205; x_wconf 83' lang='lat' dir='ltr'>pulehrae</span> <span class='ocrx_word' id='word_1_147' title='bbox 364 1191 371 1203; x_wconf 86' lang='lat'>,</span> <span class='ocrx_word' id='word_1_148' title='bbox 386 1170 414 1196; x_wconf 84' lang='lat' dir='ltr'>et</span> <span class='ocrx_word' id='word_1_149' title='bbox 429 1171 497 1196; x_wconf 88' lang='lat' dir='ltr'>sunt</span> <span class='ocrx_word' id='word_1_150' title='bbox 512 1169 652 1196; x_wconf 66' lang='lat' dir='ltr'>maximae</span> <span class='ocrx_word' id='word_1_151' title='bbox 669 1178 675 1196; x_wconf 79' lang='grc' dir='ltr'>ε</span> <span class='ocrx_word' id='word_1_152' title='bbox 693 1170 721 1196; x_wconf 88' lang='lat' dir='ltr'>et</span> <span class='ocrx_word' id='word_1_153' title='bbox 737 1168 774 1196; x_wconf 90' lang='lat' dir='ltr'>de</span> <span class='ocrx_word' id='word_1_154' title='bbox 798 1168 844 1195; x_wconf 92' lang='lat' dir='ltr'>his</span> <span class='ocrx_word' id='word_1_155' title='bbox 866 1168 926 1196; x_wconf 88' lang='lat' dir='ltr'>dic-</span> 
     </span>
     <span class='ocr_line' id='line_1_22' title="bbox 141 1215 926 1251; baseline -0.001 -8"><span class='ocrx_word' id='word_1_156' title='bbox 141 1217 203 1243; x_wconf 90' lang='lat' dir='ltr'>tum</span> <span class='ocrx_word' id='word_1_157' title='bbox 219 1218 261 1244; x_wconf 94' lang='lat' dir='ltr'>est</span> <span class='ocrx_word' id='word_1_158' title='bbox 273 1216 304 1243; x_wconf 91' lang='lat' dir='ltr'>in</span> <span class='ocrx_word' id='word_1_159' title='bbox 319 1215 451 1244; x_wconf 88' lang='lat' dir='ltr'>secundo</span> <span class='ocrx_word' id='word_1_160' title='bbox 472 1223 620 1243; x_wconf 85' lang='lat' dir='ltr'>sermone.</span> <span class='ocrx_word' id='word_1_161' title='bbox 644 1216 792 1249; x_wconf 81' lang='lat' dir='ltr'>Quantum</span> <span class='ocrx_word' id='word_1_162' title='bbox 806 1215 845 1242; x_wconf 88' lang='lat' dir='ltr'>ad</span> <span class='ocrx_word' id='word_1_163' title='bbox 859 1223 926 1251; x_wconf 86' lang='lat' dir='ltr'>per-</span> 
     </span>
     <span class='ocr_line' id='line_1_23' title="bbox 141 1262 926 1298; baseline -0.001 -7"><span class='ocrx_word' id='word_1_164' title='bbox 141 1263 339 1298; x_wconf 83' lang='lat' dir='ltr'>manentiam,</span> <span class='ocrx_word' id='word_1_165' title='bbox 355 1264 423 1290; x_wconf 89' lang='lat' dir='ltr'>sunt</span> <span class='ocrx_word' id='word_1_166' title='bbox 437 1262 692 1298; x_wconf 85' lang='lat' dir='ltr'>incorruptibiles,</span> <span class='ocrx_word' id='word_1_167' title='bbox 708 1264 776 1290; x_wconf 90' lang='lat' dir='ltr'>sunt</span> <span class='ocrx_word' id='word_1_168' title='bbox 792 1262 926 1297; x_wconf 82' lang='lat' dir='ltr'>infatiga-</span> 
     </span>
     <span class='ocr_line' id='line_1_24' title="bbox 141 1309 926 1346; baseline 0 -9"><span class='ocrx_word' id='word_1_169' title='bbox 141 1310 232 1345; x_wconf 87' lang='lat' dir='ltr'>biles,</span> <span class='ocrx_word' id='word_1_170' title='bbox 249 1312 275 1338; x_wconf 89' lang='lat' dir='ltr'>et</span> <span class='ocrx_word' id='word_1_171' title='bbox 290 1312 357 1338; x_wconf 86' lang='lat' dir='ltr'>sunt</span> <span class='ocrx_word' id='word_1_172' title='bbox 371 1309 607 1346; x_wconf 86' lang='lat' dir='ltr'>ineclipsabiles,</span> <span class='ocrx_word' id='word_1_173' title='bbox 635 1311 663 1337; x_wconf 88' lang='lat' dir='ltr'>et</span> <span class='ocrx_word' id='word_1_174' title='bbox 685 1309 722 1337; x_wconf 91' lang='lat' dir='ltr'>de</span> <span class='ocrx_word' id='word_1_175' title='bbox 746 1309 791 1336; x_wconf 88' lang='lat' dir='ltr'>his</span> <span class='ocrx_word' id='word_1_176' title='bbox 814 1309 926 1337; x_wconf 84' lang='lat' dir='ltr'>dictum</span> 
     </span>
     <span class='ocr_line' id='line_1_25' title="bbox 142 1356 926 1392; baseline -0.001 -8"><span class='ocrx_word' id='word_1_177' title='bbox 142 1359 183 1385; x_wconf 87' lang='lat' dir='ltr'>est</span> <span class='ocrx_word' id='word_1_178' title='bbox 197 1357 229 1384; x_wconf 92' lang='lat' dir='ltr'>in</span> <span class='ocrx_word' id='word_1_179' title='bbox 243 1357 297 1385; x_wconf 86' lang='lat' dir='ltr'>isto</span> <span class='ocrx_word' id='word_1_180' title='bbox 313 1365 461 1385; x_wconf 89' lang='lat' dir='ltr'>sermone.</span> <span class='ocrx_word' id='word_1_181' title='bbox 485 1357 594 1390; x_wconf 84' lang='lat' dir='ltr'>Quarto</span> <span class='ocrx_word' id='word_1_182' title='bbox 615 1364 704 1390; x_wconf 89' lang='lat' dir='ltr'>vero,</span> <span class='ocrx_word' id='word_1_183' title='bbox 725 1357 871 1392; x_wconf 80' lang='lat' dir='ltr'>quantum</span> <span class='ocrx_word' id='word_1_184' title='bbox 887 1356 926 1384; x_wconf 91' lang='lat' dir='ltr'>ad</span> 
     </span>
     <span class='ocr_line' id='line_1_26' title="bbox 142 1403 927 1439; baseline 0 -8"><span class='ocrx_word' id='word_1_185' title='bbox 142 1403 338 1438; x_wconf 84' lang='lat' dir='ltr'>influentiam,</span> <span class='ocrx_word' id='word_1_186' title='bbox 354 1406 421 1431; x_wconf 83' lang='lat' dir='ltr'>sunt</span> <span class='ocrx_word' id='word_1_187' title='bbox 440 1404 598 1438; x_wconf 66' lang='lat' dir='ltr'>virtuosae,</span> <span class='ocrx_word' id='word_1_188' title='bbox 615 1404 683 1431; x_wconf 87' lang='lat' dir='ltr'>sunt</span> <span class='ocrx_word' id='word_1_189' title='bbox 702 1411 846 1439; x_wconf 63' lang='lat' dir='ltr'>operosae,</span> <span class='ocrx_word' id='word_1_190' title='bbox 860 1405 927 1432; x_wconf 89' lang='lat' dir='ltr'>sunt</span> 
     </span>
     <span class='ocr_line' id='line_1_27' title="bbox 144 1451 927 1487; baseline -0.001 -8"><span class='ocrx_word' id='word_1_191' title='bbox 144 1453 172 1479; x_wconf 84' lang='lat' dir='ltr'>et</span> <span class='ocrx_word' id='word_1_192' title='bbox 183 1451 339 1479; x_wconf 84' lang='lat' dir='ltr'>luminosae</span> <span class='ocrx_word' id='word_1_193' title='bbox 357 1461 362 1478; x_wconf 90' lang='lat'>:</span> <span class='ocrx_word' id='word_1_194' title='bbox 377 1453 404 1479; x_wconf 83' lang='lat' dir='ltr'>et</span> <span class='ocrx_word' id='word_1_195' title='bbox 420 1451 457 1479; x_wconf 91' lang='lat' dir='ltr'>de</span> <span class='ocrx_word' id='word_1_196' title='bbox 468 1451 513 1479; x_wconf 88' lang='lat' dir='ltr'>his</span> <span class='ocrx_word' id='word_1_197' title='bbox 531 1459 593 1479; x_wconf 91' lang='lat' dir='ltr'>non</span> <span class='ocrx_word' id='word_1_198' title='bbox 606 1451 715 1485; x_wconf 85' lang='lat' dir='ltr'>dicam,</span> <span class='ocrx_word' id='word_1_199' title='bbox 733 1451 803 1487; x_wconf 86' lang='lat' dir='ltr'>quia</span> <span class='ocrx_word' id='word_1_200' title='bbox 818 1451 848 1478; x_wconf 89' lang='lat' dir='ltr'>in</span> <span class='ocrx_word' id='word_1_201' title='bbox 862 1451 927 1479; x_wconf 86' lang='lat' dir='ltr'>aliis</span> 
     </span>
     <span class='ocr_line' id='line_1_28' title="bbox 144 1498 926 1534; baseline -0.001 -8"><span class='ocrx_word' id='word_1_202' title='bbox 144 1499 332 1526; x_wconf 86' lang='lat' dir='ltr'>sermonibus</span> <span class='ocrx_word' id='word_1_203' title='bbox 345 1498 455 1526; x_wconf 84' lang='lat' dir='ltr'>festivis</span> <span class='ocrx_word' id='word_1_204' title='bbox 469 1506 517 1526; x_wconf 88' lang='lat' dir='ltr'>me</span> <span class='ocrx_word' id='word_1_205' title='bbox 532 1498 620 1534; x_wconf 88' lang='lat' dir='ltr'>plura</span> <span class='ocrx_word' id='word_1_206' title='bbox 641 1498 749 1525; x_wconf 83' lang='lat' dir='ltr'>dixisse</span> <span class='ocrx_word' id='word_1_207' title='bbox 765 1498 802 1525; x_wconf 90' lang='lat' dir='ltr'>de</span> <span class='ocrx_word' id='word_1_208' title='bbox 819 1498 864 1525; x_wconf 91' lang='lat' dir='ltr'>his</span> <span class='ocrx_word' id='word_1_209' title='bbox 878 1506 926 1526; x_wconf 84' lang='lat' dir='ltr'>re-</span> 
     </span>
     <span class='ocr_line' id='line_1_29' title="bbox 144 1545 816 1581; baseline -0.001 -8"><span class='ocrx_word' id='word_1_210' title='bbox 144 1545 222 1573; x_wconf 92' lang='lat' dir='ltr'>colo.</span> <span class='ocrx_word' id='word_1_211' title='bbox 239 1545 283 1574; x_wconf 79' lang='lat' dir='ltr'>Illi</span> <span class='ocrx_word' id='word_1_212' title='bbox 299 1553 370 1581; x_wconf 82' lang='lat' dir='ltr'>ergo</span> <span class='ocrx_word' id='word_1_213' title='bbox 386 1545 443 1573; x_wconf 90' lang='lat' dir='ltr'>sint</span> <span class='ocrx_word' id='word_1_214' title='bbox 457 1547 563 1581; x_wconf 84' lang='lat' dir='ltr'>grates,</span> <span class='ocrx_word' id='word_1_215' title='bbox 582 1545 634 1581; x_wconf 88' lang='lat' dir='ltr'>qui</span> <span class='ocrx_word' id='word_1_216' title='bbox 649 1545 707 1573; x_wconf 87' lang='lat' dir='ltr'>hoc</span> <span class='ocrx_word' id='word_1_217' title='bbox 724 1545 816 1573; x_wconf 85' lang='lat' dir='ltr'>dedit.</span> 
     </span>
    </p>
   </div>
   <div class='ocr_carea' id='block_1_3' title="bbox 433 1625 635 1655">
    <p class='ocr_par' dir='ltr' id='par_1_4' title="bbox 433 1625 635 1655">
     <span class='ocr_line' id='line_1_30' title="bbox 433 1625 635 1655; baseline -0.005 0"><span class='ocrx_word' id='word_1_218' title='bbox 433 1625 561 1655; x_wconf 85' lang='lat' dir='ltr'>SERMO</span> <span class='ocrx_word' id='word_1_219' title='bbox 584 1625 635 1655; x_wconf 89' lang='lat' dir='ltr'>IV.</span> 
     </span>
    </p>
   </div>
   <div class='ocr_carea' id='block_1_4' title="bbox 145 1687 930 2640">
    <p class='ocr_par' dir='ltr' id='par_1_5' title="bbox 145 1687 929 2475">
     <span class='ocr_line' id='line_1_31' title="bbox 184 1687 927 1722; baseline 0 -7"><span class='ocrx_word' id='word_1_220' title='bbox 184 1689 236 1715; x_wconf 80' lang='lat' dir='ltr'>Vos</span> <span class='ocrx_word' id='word_1_221' title='bbox 251 1687 348 1714; x_wconf 77' lang='lat' dir='ltr'>mundi</span> <span class='ocrx_word' id='word_1_222' title='bbox 362 1688 426 1714; x_wconf 78' lang='lat' dir='ltr'>estis</span> <span class='ocrx_word' id='word_1_223' title='bbox 444 1690 558 1722; x_wconf 79' lang='lat' dir='ltr'>propter</span> <span class='ocrx_word' id='word_1_224' title='bbox 579 1694 743 1719; x_wconf 75' lang='lat' dir='ltr'>sermonem,</span> <span class='ocrx_word' id='word_1_225' title='bbox 766 1695 842 1722; x_wconf 80' lang='lat' dir='ltr'>quem</span> <span class='ocrx_word' id='word_1_226' title='bbox 857 1688 927 1715; x_wconf 78' lang='lat' dir='ltr'>Iocu-</span> 
     </span>
     <span class='ocr_line' id='line_1_32' title="bbox 146 1736 927 1771; baseline 0 -7"><span class='ocrx_word' id='word_1_227' title='bbox 146 1738 188 1764; x_wconf 79' lang='lat' dir='ltr'>tus</span> <span class='ocrx_word' id='word_1_228' title='bbox 203 1745 261 1764; x_wconf 81' lang='lat' dir='ltr'>sum</span> <span class='ocrx_word' id='word_1_229' title='bbox 276 1737 349 1763; x_wconf 79' lang='lat' dir='ltr'>vobis</span> <span class='ocrx_word' id='word_1_230' title='bbox 365 1736 384 1763; x_wconf 74' lang='lat'>2.</span> <span class='ocrx_word' id='word_1_231' title='bbox 400 1737 524 1764; x_wconf 86' lang='lat' dir='ltr'>Omnem</span> <span class='ocrx_word' id='word_1_232' title='bbox 535 1736 690 1763; x_wconf 88' lang='lat' dir='ltr'>hominem</span> <span class='ocrx_word' id='word_1_233' title='bbox 709 1737 849 1771; x_wconf 86' lang='lat' dir='ltr'>appetere</span> <span class='ocrx_word' id='word_1_234' title='bbox 865 1744 927 1764; x_wconf 88' lang='lat' dir='ltr'>esse</span> 
     </span>
     <span class='ocr_line' id='line_1_33' title="bbox 145 1782 926 1819; baseline -0.003 -8"><span class='ocrx_word' id='word_1_235' title='bbox 145 1783 276 1817; x_wconf 89' lang='lat' dir='ltr'>beatum,</span> <span class='ocrx_word' id='word_1_236' title='bbox 292 1791 329 1810; x_wconf 81' lang='lat' dir='ltr'>ex</span> <span class='ocrx_word' id='word_1_237' title='bbox 345 1782 430 1810; x_wconf 88' lang='lat' dir='ltr'>dictis</span> <span class='ocrx_word' id='word_1_238' title='bbox 447 1783 583 1810; x_wconf 86' lang='lat' dir='ltr'>omnium</span> <span class='ocrx_word' id='word_1_239' title='bbox 602 1782 812 1818; x_wconf 84' lang='lat' dir='ltr'>antiquorum,</span> <span class='ocrx_word' id='word_1_240' title='bbox 830 1785 858 1810; x_wconf 89' lang='lat' dir='ltr'>et</span> <span class='ocrx_word' id='word_1_241' title='bbox 872 1791 926 1819; x_wconf 84' lang='lat' dir='ltr'>ap—</span> 
     </span>
     <span class='ocr_line' id='line_1_34' title="bbox 145 1830 927 1866; baseline 0 -8"><span class='ocrx_word' id='word_1_242' title='bbox 145 1830 237 1866; x_wconf 87' lang='lat' dir='ltr'>petitu</span> <span class='ocrx_word' id='word_1_243' title='bbox 251 1831 372 1865; x_wconf 64' lang='lat' dir='ltr'>naturae,</span> <span class='ocrx_word' id='word_1_244' title='bbox 387 1832 501 1858; x_wconf 88' lang='lat' dir='ltr'>constat</span> <span class='ocrx_word' id='word_1_245' title='bbox 515 1830 554 1857; x_wconf 88' lang='lat' dir='ltr'>ita</span> <span class='ocrx_word' id='word_1_246' title='bbox 570 1831 693 1864; x_wconf 82' lang='lat' dir='ltr'>certum,</span> <span class='ocrx_word' id='word_1_247' title='bbox 709 1832 741 1857; x_wconf 91' lang='lat' dir='ltr'>ut</span> <span class='ocrx_word' id='word_1_248' title='bbox 757 1830 850 1865; x_wconf 84' lang='lat' dir='ltr'>nulli,</span> <span class='ocrx_word' id='word_1_249' title='bbox 871 1831 927 1858; x_wconf 87' lang='lat' dir='ltr'>nisi</span> 
     </span>
     <span class='ocr_line' id='line_1_35' title="bbox 145 1876 928 1914; baseline 0 -9"><span class='ocrx_word' id='word_1_250' title='bbox 145 1877 244 1910; x_wconf 88' lang='lat' dir='ltr'>stulto,</span> <span class='ocrx_word' id='word_1_251' title='bbox 259 1878 390 1904; x_wconf 87' lang='lat' dir='ltr'>vertatur</span> <span class='ocrx_word' id='word_1_252' title='bbox 402 1876 432 1904; x_wconf 90' lang='lat' dir='ltr'>in</span> <span class='ocrx_word' id='word_1_253' title='bbox 449 1876 586 1904; x_wconf 88' lang='lat' dir='ltr'>dubium.</span> <span class='ocrx_word' id='word_1_254' title='bbox 600 1878 671 1904; x_wconf 84' lang='lat' dir='ltr'>Nam</span> <span class='ocrx_word' id='word_1_255' title='bbox 686 1878 819 1905; x_wconf 81' lang='lat' dir='ltr'>Socrates</span> <span class='ocrx_word' id='word_1_256' title='bbox 832 1876 928 1914; x_wconf 88' lang='lat' dir='ltr'>philo-</span> 
     </span>
     <span class='ocr_line' id='line_1_36' title="bbox 146 1923 927 1960; baseline -0.001 -8"><span class='ocrx_word' id='word_1_257' title='bbox 146 1924 258 1960; x_wconf 89' lang='lat' dir='ltr'>sophus</span> <span class='ocrx_word' id='word_1_258' title='bbox 270 1924 347 1951; x_wconf 89' lang='lat' dir='ltr'>inter</span> <span class='ocrx_word' id='word_1_259' title='bbox 361 1925 478 1951; x_wconf 85' lang='lat' dir='ltr'>caeteros</span> <span class='ocrx_word' id='word_1_260' title='bbox 493 1923 690 1959; x_wconf 89' lang='lat' dir='ltr'>philosophos</span> <span class='ocrx_word' id='word_1_261' title='bbox 702 1924 786 1959; x_wconf 82' lang='lat' dir='ltr'>quasi</span> <span class='ocrx_word' id='word_1_262' title='bbox 800 1924 927 1960; x_wconf 85' lang='lat' dir='ltr'>primus,</span> 
     </span>
     <span class='ocr_line' id='line_1_37' title="bbox 147 1970 927 2007; baseline 0 -8"><span class='ocrx_word' id='word_1_263' title='bbox 147 1971 219 1999; x_wconf 90' lang='lat' dir='ltr'>dum</span> <span class='ocrx_word' id='word_1_264' title='bbox 235 1979 355 1998; x_wconf 84' lang='lat' dir='ltr'>omnem</span> <span class='ocrx_word' id='word_1_265' title='bbox 370 1970 523 1998; x_wconf 88' lang='lat' dir='ltr'>hominem</span> <span class='ocrx_word' id='word_1_266' title='bbox 539 1972 677 2006; x_wconf 87' lang='lat' dir='ltr'>appetere</span> <span class='ocrx_word' id='word_1_267' title='bbox 694 1979 783 1998; x_wconf 87' lang='lat' dir='ltr'>omne</span> <span class='ocrx_word' id='word_1_268' title='bbox 800 1971 927 2007; x_wconf 89' lang='lat' dir='ltr'>bonum,</span> 
     </span>
     <span class='ocr_line' id='line_1_38' title="bbox 146 2017 927 2054; baseline 0 -8"><span class='ocrx_word' id='word_1_269' title='bbox 146 2019 224 2046; x_wconf 87' lang='lat' dir='ltr'>certa</span> <span class='ocrx_word' id='word_1_270' title='bbox 240 2017 419 2054; x_wconf 79' lang='lat' dir='ltr'>experientia</span> <span class='ocrx_word' id='word_1_271' title='bbox 433 2017 585 2053; x_wconf 89' lang='lat' dir='ltr'>probaret,</span> <span class='ocrx_word' id='word_1_272' title='bbox 606 2019 633 2044; x_wconf 86' lang='lat' dir='ltr'>et</span> <span class='ocrx_word' id='word_1_273' title='bbox 647 2017 772 2053; x_wconf 82' lang='lat' dir='ltr'>sapienti</span> <span class='ocrx_word' id='word_1_274' title='bbox 789 2018 927 2046; x_wconf 87' lang='lat' dir='ltr'>conside-</span> 
     </span>
     <span class='ocr_line' id='line_1_39' title="bbox 145 2064 926 2100; baseline 0 -7"><span class='ocrx_word' id='word_1_275' title='bbox 145 2065 259 2093; x_wconf 80' lang='lat' dir='ltr'>ratione</span> <span class='ocrx_word' id='word_1_276' title='bbox 280 2066 400 2099; x_wconf 82' lang='lat' dir='ltr'>teneret,</span> <span class='ocrx_word' id='word_1_277' title='bbox 418 2064 501 2100; x_wconf 91' lang='lat' dir='ltr'>quod</span> <span class='ocrx_word' id='word_1_278' title='bbox 521 2072 630 2099; x_wconf 88' lang='lat' dir='ltr'>nemo,</span> <span class='ocrx_word' id='word_1_279' title='bbox 649 2064 704 2092; x_wconf 82' lang='lat' dir='ltr'>nisi</span> <span class='ocrx_word' id='word_1_280' title='bbox 725 2065 833 2092; x_wconf 88' lang='lat' dir='ltr'>summi</span> <span class='ocrx_word' id='word_1_281' title='bbox 853 2066 926 2093; x_wconf 88' lang='lat' dir='ltr'>boni</span> 
     </span>
     <span class='ocr_line' id='line_1_40' title="bbox 146 2111 925 2148; baseline 0 -8"><span class='ocrx_word' id='word_1_282' title='bbox 146 2112 388 2148; x_wconf 83' lang='lat' dir='ltr'>participatione,</span> <span class='ocrx_word' id='word_1_283' title='bbox 410 2111 544 2139; x_wconf 86' lang='lat' dir='ltr'>obtinere</span> <span class='ocrx_word' id='word_1_284' title='bbox 567 2111 782 2139; x_wconf 78' lang='lat' dir='ltr'>beatitudinem</span> <span class='ocrx_word' id='word_1_285' title='bbox 806 2115 925 2148; x_wconf 85' lang='lat' dir='ltr'>posset;</span> 
     </span>
     <span class='ocr_line' id='line_1_41' title="bbox 146 2158 927 2195; baseline 0.003 -9"><span class='ocrx_word' id='word_1_286' title='bbox 146 2159 295 2195; x_wconf 84' lang='lat' dir='ltr'>simulque</span> <span class='ocrx_word' id='word_1_287' title='bbox 326 2159 456 2192; x_wconf 85' lang='lat' dir='ltr'>videret,</span> <span class='ocrx_word' id='word_1_288' title='bbox 487 2158 571 2194; x_wconf 89' lang='lat' dir='ltr'>quod</span> <span class='ocrx_word' id='word_1_289' title='bbox 604 2159 678 2186; x_wconf 83' lang='lat' dir='ltr'>Deus</span> <span class='ocrx_word' id='word_1_290' title='bbox 710 2160 927 2195; x_wconf 80' lang='lat' dir='ltr'>purgatissimis</span> 
     </span>
     <span class='ocr_line' id='line_1_42' title="bbox 146 2205 927 2243; baseline 0.001 -10"><span class='ocrx_word' id='word_1_291' title='bbox 146 2206 295 2233; x_wconf 87' lang='lat' dir='ltr'>mentibus</span> <span class='ocrx_word' id='word_1_292' title='bbox 315 2205 410 2233; x_wconf 88' lang='lat' dir='ltr'>videri</span> <span class='ocrx_word' id='word_1_293' title='bbox 424 2207 540 2241; x_wconf 85' lang='lat' dir='ltr'>posset,-</span> <span class='ocrx_word' id='word_1_294' title='bbox 554 2213 609 2233; x_wconf 87' lang='lat' dir='ltr'>nec</span> <span class='ocrx_word' id='word_1_295' title='bbox 625 2209 751 2240; x_wconf 88' lang='lat' dir='ltr'>mentes,</span> <span class='ocrx_word' id='word_1_296' title='bbox 773 2207 829 2233; x_wconf 91' lang='lat' dir='ltr'>nisi</span> <span class='ocrx_word' id='word_1_297' title='bbox 851 2208 927 2243; x_wconf 88' lang='lat' dir='ltr'>opti-</span> 
     </span>
     <span class='ocr_line' id='line_1_43' title="bbox 146 2252 928 2288; baseline 0.003 -9"><span class='ocrx_word' id='word_1_298' title='bbox 146 2252 202 2280; x_wconf 90' lang='lat' dir='ltr'>mis</span> <span class='ocrx_word' id='word_1_299' title='bbox 217 2252 351 2280; x_wconf 81' lang='lat' dir='ltr'>moribus</span> <span class='ocrx_word' id='word_1_300' title='bbox 361 2273 367 2285; x_wconf 90' lang='lat'>‚</span> <span class='ocrx_word' id='word_1_301' title='bbox 384 2260 471 2288; x_wconf 84' lang='lat' dir='ltr'>posse</span> <span class='ocrx_word' id='word_1_302' title='bbox 489 2252 628 2280; x_wconf 82' lang='lat' dir='ltr'>mundari</span> <span class='ocrx_word' id='word_1_303' title='bbox 643 2253 846 2288; x_wconf 68' lang='lat' dir='ltr'>conspiceret,</span> <span class='ocrx_word' id='word_1_304' title='bbox 864 2262 928 2281; x_wconf 88' lang='lat' dir='ltr'>om-</span> 
     </span>
     <span class='ocr_line' id='line_1_44' title="bbox 146 2299 927 2336; baseline 0.003 -10"><span class='ocrx_word' id='word_1_305' title='bbox 146 2307 215 2326; x_wconf 89' lang='lat' dir='ltr'>nem</span> <span class='ocrx_word' id='word_1_306' title='bbox 235 2299 456 2334; x_wconf 87' lang='lat' dir='ltr'>philosophiam</span> <span class='ocrx_word' id='word_1_307' title='bbox 477 2299 565 2326; x_wconf 83' lang='lat' dir='ltr'>traxit</span> <span class='ocrx_word' id='word_1_308' title='bbox 583 2300 621 2327; x_wconf 85' lang='lat' dir='ltr'>ad</span> <span class='ocrx_word' id='word_1_309' title='bbox 644 2307 753 2335; x_wconf 88' lang='lat' dir='ltr'>mores,</span> <span class='ocrx_word' id='word_1_310' title='bbox 771 2300 801 2327; x_wconf 92' lang='lat' dir='ltr'>in</span> <span class='ocrx_word' id='word_1_311' title='bbox 818 2301 927 2336; x_wconf 86' lang='lat' dir='ltr'>quibus</span> 
     </span>
     <span class='ocr_line' id='line_1_45' title="bbox 146 2346 929 2384; baseline 0.004 -12"><span class='ocrx_word' id='word_1_312' title='bbox 146 2346 319 2380; x_wconf 84' lang='lat' dir='ltr'>mundatus,</span> <span class='ocrx_word' id='word_1_313' title='bbox 335 2353 487 2373; x_wconf 86' lang='lat' dir='ltr'>summum</span> <span class='ocrx_word' id='word_1_314' title='bbox 501 2346 616 2374; x_wconf 89' lang='lat' dir='ltr'>bonum</span> <span class='ocrx_word' id='word_1_315' title='bbox 631 2354 751 2374; x_wconf 85' lang='lat' dir='ltr'>cernere</span> <span class='ocrx_word' id='word_1_316' title='bbox 768 2347 797 2374; x_wconf 91' lang='lat' dir='ltr'>in</span> <span class='ocrx_word' id='word_1_317' title='bbox 814 2356 843 2375; x_wconf 88' lang='lat' dir='ltr'>se</span> <span class='ocrx_word' id='word_1_318' title='bbox 859 2356 929 2384; x_wconf 89' lang='lat' dir='ltr'>pos-</span> 
     </span>
     <span class='ocr_line' id='line_1_46' title="bbox 147 2392 929 2429; baseline 0.003 -8"><span class='ocrx_word' id='word_1_319' title='bbox 147 2395 190 2421; x_wconf 87' lang='lat' dir='ltr'>set</span> <span class='ocrx_word' id='word_1_320' title='bbox 204 2394 223 2420; x_wconf 68' lang='lat'>5.</span> <span class='ocrx_word' id='word_1_321' title='bbox 240 2392 340 2421; x_wconf 85' lang='lat' dir='ltr'>Mentis</span> <span class='ocrx_word' id='word_1_322' title='bbox 355 2392 434 2420; x_wconf 91' lang='lat' dir='ltr'>enim</span> <span class='ocrx_word' id='word_1_323' title='bbox 449 2395 551 2420; x_wconf 80' lang='lat' dir='ltr'>nostrae</span> <span class='ocrx_word' id='word_1_324' title='bbox 562 2393 695 2421; x_wconf 87' lang='lat' dir='ltr'>invalida</span> <span class='ocrx_word' id='word_1_325' title='bbox 711 2395 798 2429; x_wconf 76' lang='lat' dir='ltr'>acies,</span> <span class='ocrx_word' id='word_1_326' title='bbox 810 2397 841 2422; x_wconf 90' lang='lat' dir='ltr'>ut</span> <span class='ocrx_word' id='word_1_327' title='bbox 855 2395 929 2423; x_wconf 84' lang='lat' dir='ltr'>doc-</span> 
     </span>
     <span class='ocr_line' id='line_1_47' title="bbox 148 2439 928 2475; baseline -0.001 -6"><span class='ocrx_word' id='word_1_328' title='bbox 148 2443 193 2469; x_wconf 88' lang='lat' dir='ltr'>tor</span> <span class='ocrx_word' id='word_1_329' title='bbox 208 2439 334 2468; x_wconf 81' lang='lat' dir='ltr'>eximius</span> <span class='ocrx_word' id='word_1_330' title='bbox 357 2439 535 2474; x_wconf 77' lang='lat' dir='ltr'>Augustinus</span> <span class='ocrx_word' id='word_1_331' title='bbox 557 2439 566 2454; x_wconf 69' lang='lat'>⁵</span> <span class='ocrx_word' id='word_1_332' title='bbox 591 2440 692 2475; x_wconf 87' lang='lat' dir='ltr'>docet,</span> <span class='ocrx_word' id='word_1_333' title='bbox 716 2441 746 2468; x_wconf 93' lang='lat' dir='ltr'>in</span> <span class='ocrx_word' id='word_1_334' title='bbox 764 2444 821 2469; x_wconf 84' lang='lat' dir='ltr'>tam</span> <span class='ocrx_word' id='word_1_335' title='bbox 837 2443 928 2470; x_wconf 86' lang='lat' dir='ltr'>excel-</span> 
     </span>
    </p>

    <p class='ocr_par' dir='ltr' id='par_1_6' title="bbox 149 2499 930 2640">
     <span class='ocr_line' id='line_1_48' title="bbox 181 2499 928 2531; baseline 0.001 -5"><span class='ocrx_word' id='word_1_336' title='bbox 181 2503 187 2518; x_wconf 91' lang='lat'><strong>¹</strong></span> <span class='ocrx_word' id='word_1_337' title='bbox 204 2501 302 2531; x_wconf 84' lang='lat' dir='ltr'>Verba,</span> <span class='ocrx_word' id='word_1_338' title='bbox 317 2507 374 2531; x_wconf 82' lang='lat' dir='ltr'>quae</span> <span class='ocrx_word' id='word_1_339' title='bbox 389 2500 438 2523; x_wconf 86' lang='lat' dir='ltr'>hoc</span> <span class='ocrx_word' id='word_1_340' title='bbox 456 2499 512 2523; x_wconf 89' lang='lat' dir='ltr'>loco</span> <span class='ocrx_word' id='word_1_341' title='bbox 529 2500 576 2523; x_wconf 90' lang='lat' dir='ltr'>sub</span> <span class='ocrx_word' id='word_1_342' title='bbox 591 2500 695 2525; x_wconf 89' lang='lat' dir='ltr'>nomine</span> <span class='ocrx_word' id='word_1_343' title='bbox 713 2502 740 2525; x_wconf 85' lang='lat' dir='ltr'>B.</span> <span class='ocrx_word' id='word_1_344' title='bbox 758 2503 832 2526; x_wconf 80' lang='lat' dir='ltr'>Amb.</span> <span class='ocrx_word' id='word_1_345' title='bbox 850 2503 928 2527; x_wconf 78' lang='lat' dir='ltr'>citau-</span> 
     </span>
     <span class='ocr_line' id='line_1_49' title="bbox 149 2536 930 2567; baseline 0.001 -5"><span class='ocrx_word' id='word_1_346' title='bbox 149 2540 203 2563; x_wconf 78' lang='lat' dir='ltr'>tur.</span> <span class='ocrx_word' id='word_1_347' title='bbox 224 2538 311 2561; x_wconf 77' lang='lat' dir='ltr'>extant</span> <span class='ocrx_word' id='word_1_348' title='bbox 328 2536 354 2560; x_wconf 89' lang='lat' dir='ltr'>in</span> <span class='ocrx_word' id='word_1_349' title='bbox 370 2536 442 2560; x_wconf 86' lang='lat' dir='ltr'>hom.</span> <span class='ocrx_word' id='word_1_350' title='bbox 464 2541 481 2559; x_wconf 86' lang='lat'>11</span> <span class='ocrx_word' id='word_1_351' title='bbox 503 2536 527 2559; x_wconf 91' lang='lat' dir='ltr'>S.</span> <span class='ocrx_word' id='word_1_352' title='bbox 550 2536 617 2559; x_wconf 81' lang='lat' dir='ltr'>Max.</span> <span class='ocrx_word' id='word_1_353' title='bbox 639 2537 683 2567; x_wconf 80' lang='lat' dir='ltr'>Ep.</span> <span class='ocrx_word' id='word_1_354' title='bbox 703 2537 777 2561; x_wconf 82' lang='lat' dir='ltr'>Taur.</span> <span class='ocrx_word' id='word_1_355' title='bbox 798 2538 829 2562; x_wconf 89' lang='lat' dir='ltr'>de</span> <span class='ocrx_word' id='word_1_356' title='bbox 849 2540 930 2563; x_wconf 75' lang='lat' dir='ltr'>Natali</span> 
     </span>
     <span class='ocr_line' id='line_1_50' title="bbox 150 2571 929 2602; baseline 0.003 -5"><span class='ocrx_word' id='word_1_357' title='bbox 150 2575 176 2598; x_wconf 88' lang='lat' dir='ltr'>S.</span> <span class='ocrx_word' id='word_1_358' title='bbox 192 2572 294 2597; x_wconf 81' lang='lat' dir='ltr'>Eusebii</span> <span class='ocrx_word' id='word_1_359' title='bbox 308 2572 407 2596; x_wconf 83' lang='lat' dir='ltr'>Vercel.</span> <span class='ocrx_word' id='word_1_360' title='bbox 425 2572 481 2602; x_wconf 67' lang='lat' dir='ltr'>Ep,</span> <span class='ocrx_word' id='word_1_361' title='bbox 497 2571 528 2595; x_wconf 83' lang='lat' dir='ltr'>de</span> <span class='ocrx_word' id='word_1_362' title='bbox 551 2578 601 2602; x_wconf 84' lang='lat' dir='ltr'>quo</span> <span class='ocrx_word' id='word_1_363' title='bbox 617 2571 692 2596; x_wconf 82' lang='lat' dir='ltr'>etiam</span> <span class='ocrx_word' id='word_1_364' title='bbox 710 2574 738 2597; x_wconf 91' lang='lat' dir='ltr'>B.</span> <span class='ocrx_word' id='word_1_365' title='bbox 754 2574 829 2597; x_wconf 85' lang='lat' dir='ltr'>Amb.</span> <span class='ocrx_word' id='word_1_366' title='bbox 844 2582 929 2599; x_wconf 85' lang='lat' dir='ltr'>sermo</span> 
     </span>
     <span class='ocr_line' id='line_1_51' title="bbox 151 2607 930 2640; baseline 0.004 -8"><span class='ocrx_word' id='word_1_367' title='bbox 151 2609 193 2640; x_wconf 88' lang='lat' dir='ltr'>qui</span> <span class='ocrx_word' id='word_1_368' title='bbox 218 2611 257 2632; x_wconf 87' lang='lat' dir='ltr'>est</span> <span class='ocrx_word' id='word_1_369' title='bbox 278 2608 303 2632; x_wconf 91' lang='lat' dir='ltr'>in</span> <span class='ocrx_word' id='word_1_370' title='bbox 328 2608 383 2632; x_wconf 86' lang='lat' dir='ltr'>ord.</span> <span class='ocrx_word' id='word_1_371' title='bbox 406 2613 449 2637; x_wconf 67' lang='lat' dir='ltr'>xi&#39;,</span> <span class='ocrx_word' id='word_1_372' title='bbox 469 2607 535 2631; x_wconf 86' lang='lat' dir='ltr'>inter</span> <span class='ocrx_word' id='word_1_373' title='bbox 548 2609 603 2632; x_wconf 80' lang='lat' dir='ltr'>Ser.</span> <span class='ocrx_word' id='word_1_374' title='bbox 624 2608 653 2631; x_wconf 75' lang='lat' dir='ltr'>&lt;le</span> <span class='ocrx_word' id='word_1_375' title='bbox 670 2608 777 2638; x_wconf 66' lang='lat' dir='ltr'>Sanctis,</span> <span class='ocrx_word' id='word_1_376' title='bbox 798 2611 870 2640; x_wconf 85' lang='lat' dir='ltr'>cujus</span> <span class='ocrx_word' id='word_1_377' title='bbox 884 2612 930 2635; x_wconf 88' lang='lat' dir='ltr'>ini-</span> 
     </span>
    </p>
   </div>
   <div class='ocr_carea' id='block_1_5' title="bbox 151 2644 931 2710">
    <p class='ocr_par' dir='ltr' id='par_1_7' title="bbox 151 2644 931 2710">
     <span class='ocr_line' id='line_1_52' title="bbox 151 2644 929 2676; baseline 0.003 -8"><span class='ocrx_word' id='word_1_378' title='bbox 151 2645 214 2668; x_wconf 83' lang='lat' dir='ltr'>tium</span> <span class='ocrx_word' id='word_1_379' title='bbox 236 2646 274 2668; x_wconf 80' lang='lat' dir='ltr'>est</span> <span class='ocrx_word' id='word_1_380' title='bbox 293 2645 345 2668; x_wconf 82' lang='lat' dir='ltr'>t&#39;cre</span> <span class='ocrx_word' id='word_1_381' title='bbox 369 2644 437 2667; x_wconf 83' lang='lat' dir='ltr'>idem</span> <span class='ocrx_word' id='word_1_382' title='bbox 458 2651 516 2668; x_wconf 85' lang='lat' dir='ltr'>cum</span> <span class='ocrx_word' id='word_1_383' title='bbox 541 2644 611 2668; x_wconf 76' lang='lat' dir='ltr'>hom.</span> <span class='ocrx_word' id='word_1_384' title='bbox 634 2645 674 2667; x_wconf 77' lang='lat' dir='ltr'>wl</span> <span class='ocrx_word' id='word_1_385' title='bbox 698 2645 743 2668; x_wconf 64' lang='lat' dir='ltr'>sor.</span> <span class='ocrx_word' id='word_1_386' title='bbox 766 2648 791 2669; x_wconf 61' lang='lat' dir='ltr'>S.</span> <span class='ocrx_word' id='word_1_387' title='bbox 816 2647 929 2676; x_wconf 76' lang='lat' dir='ltr'>Maximi,</span> 
     </span>
     <span class='ocr_line' id='line_1_53' title="bbox 152 2679 931 2710; baseline 0.004 -6"><span class='ocrx_word' id='word_1_388' title='bbox 152 2687 209 2704; x_wconf 78' lang='lat' dir='ltr'>cuin</span> <span class='ocrx_word' id='word_1_389' title='bbox 232 2680 287 2704; x_wconf 76' lang='lat' dir='ltr'>aliis</span> <span class='ocrx_word' id='word_1_390' title='bbox 306 2679 458 2710; x_wconf 81' lang='lat' dir='ltr'>quibusdam</span> <span class='ocrx_word' id='word_1_391' title='bbox 475 2679 560 2703; x_wconf 81' lang='lat' dir='ltr'>verbis</span> <span class='ocrx_word' id='word_1_392' title='bbox 575 2681 629 2704; x_wconf 74' lang='lat' dir='ltr'>Ser.</span> <span class='ocrx_word' id='word_1_393' title='bbox 648 2681 675 2704; x_wconf 85' lang='lat' dir='ltr'>B.</span> <span class='ocrx_word' id='word_1_394' title='bbox 693 2681 796 2705; x_wconf 79' lang='lat' dir='ltr'>Maximi</span> <span class='ocrx_word' id='word_1_395' title='bbox 812 2683 931 2707; x_wconf 76' lang='lat' dir='ltr'>recitatur</span> 
     </span>
    </p>
   </div>
   <div class='ocr_carea' id='block_1_6' title="bbox 978 264 1766 1014">
    <p class='ocr_par' dir='ltr' id='par_1_8' title="bbox 978 264 1766 1014">
     <span class='ocr_line' id='line_1_54' title="bbox 980 264 1764 303; baseline -0.006 -6"><span class='ocrx_word' id='word_1_396' title='bbox 980 268 1052 297; x_wconf 91' lang='lat' dir='ltr'>lenti</span> <span class='ocrx_word' id='word_1_397' title='bbox 1065 269 1131 297; x_wconf 85' lang='lat' dir='ltr'>luce</span> <span class='ocrx_word' id='word_1_398' title='bbox 1151 276 1214 296; x_wconf 92' lang='lat' dir='ltr'>non</span> <span class='ocrx_word' id='word_1_399' title='bbox 1236 267 1356 303; x_wconf 84' lang='lat' dir='ltr'>figitur,</span> <span class='ocrx_word' id='word_1_400' title='bbox 1379 266 1436 295; x_wconf 92' lang='lat' dir='ltr'>nisi</span> <span class='ocrx_word' id='word_1_401' title='bbox 1457 274 1510 303; x_wconf 90' lang='lat' dir='ltr'>per</span> <span class='ocrx_word' id='word_1_402' title='bbox 1532 264 1676 302; x_wconf 88' lang='lat' dir='ltr'>justitiam</span> <span class='ocrx_word' id='word_1_403' title='bbox 1692 264 1764 292; x_wconf 88' lang='lat' dir='ltr'>fidei</span> 
     </span>
     <span class='ocr_line' id='line_1_55' title="bbox 980 314 1762 352; baseline -0.008 -5"><span class='ocrx_word' id='word_1_404' title='bbox 980 320 1114 352; x_wconf 82' lang='lat' dir='ltr'>acuatur,</span> <span class='ocrx_word' id='word_1_405' title='bbox 1130 319 1157 346; x_wconf 86' lang='lat' dir='ltr'>et</span> <span class='ocrx_word' id='word_1_406' title='bbox 1172 317 1359 346; x_wconf 88' lang='lat' dir='ltr'>emundetur.</span> <span class='ocrx_word' id='word_1_407' title='bbox 1371 315 1524 352; x_wconf 88' lang='lat' dir='ltr'>Numquid</span> <span class='ocrx_word' id='word_1_408' title='bbox 1533 315 1634 351; x_wconf 91' lang='lat' dir='ltr'>lippus</span> <span class='ocrx_word' id='word_1_409' title='bbox 1646 314 1762 348; x_wconf 86' lang='lat' dir='ltr'>oculus,</span> 
     </span>
     <span class='ocr_line' id='line_1_56' title="bbox 979 362 1764 400; baseline -0.005 -8"><span class='ocrx_word' id='word_1_410' title='bbox 979 365 1029 393; x_wconf 88' lang='lat' dir='ltr'>vel</span> <span class='ocrx_word' id='word_1_411' title='bbox 1044 364 1180 392; x_wconf 86' lang='lat' dir='ltr'>infirmus</span> <span class='ocrx_word' id='word_1_412' title='bbox 1190 385 1198 400; x_wconf 90' lang='lat'>,</span> <span class='ocrx_word' id='word_1_413' title='bbox 1220 363 1316 392; x_wconf 90' lang='lat' dir='ltr'>solem</span> <span class='ocrx_word' id='word_1_414' title='bbox 1337 363 1428 391; x_wconf 86' lang='lat' dir='ltr'>audet</span> <span class='ocrx_word' id='word_1_415' title='bbox 1441 363 1472 390; x_wconf 88' lang='lat' dir='ltr'>in</span> <span class='ocrx_word' id='word_1_416' title='bbox 1487 364 1552 390; x_wconf 90' lang='lat' dir='ltr'>rota</span> <span class='ocrx_word' id='word_1_417' title='bbox 1567 362 1738 398; x_wconf 86' lang='lat' dir='ltr'>conspicere</span> <span class='ocrx_word' id='word_1_418' title='bbox 1749 362 1764 388; x_wconf 68' lang='grc' dir='ltr'>ἵ)</span> 
     </span>
     <span class='ocr_line' id='line_1_57' title="bbox 980 409 1764 447; baseline -0.005 -8"><span class='ocrx_word' id='word_1_419' title='bbox 980 414 1051 439; x_wconf 83' lang='lat' dir='ltr'>Nam</span> <span class='ocrx_word' id='word_1_420' title='bbox 1067 413 1177 440; x_wconf 86' lang='lat' dir='ltr'>noctua</span> <span class='ocrx_word' id='word_1_421' title='bbox 1192 413 1220 439; x_wconf 90' lang='lat' dir='ltr'>et</span> <span class='ocrx_word' id='word_1_422' title='bbox 1234 411 1335 439; x_wconf 88' lang='lat' dir='ltr'>avium</span> <span class='ocrx_word' id='word_1_423' title='bbox 1354 410 1486 447; x_wconf 87' lang='lat' dir='ltr'>plurima</span> <span class='ocrx_word' id='word_1_424' title='bbox 1504 417 1625 445; x_wconf 83' lang='lat' dir='ltr'>genera,</span> <span class='ocrx_word' id='word_1_425' title='bbox 1642 409 1764 445; x_wconf 85' lang='lat' dir='ltr'>propter</span> 
     </span>
     <span class='ocr_line' id='line_1_58' title="bbox 980 455 1764 492; baseline -0.005 -6"><span class='ocrx_word' id='word_1_426' title='bbox 980 458 1110 486; x_wconf 84' lang='lat' dir='ltr'>debilem</span> <span class='ocrx_word' id='word_1_427' title='bbox 1125 458 1264 486; x_wconf 84' lang='lat' dir='ltr'>virtutem</span> <span class='ocrx_word' id='word_1_428' title='bbox 1279 458 1417 491; x_wconf 82' lang='lat' dir='ltr'>visivam,</span> <span class='ocrx_word' id='word_1_429' title='bbox 1432 456 1540 492; x_wconf 80' lang='lat' dir='ltr'>magis,</span> <span class='ocrx_word' id='word_1_430' title='bbox 1552 464 1644 492; x_wconf 87' lang='lat' dir='ltr'>quam</span> <span class='ocrx_word' id='word_1_431' title='bbox 1653 455 1764 489; x_wconf 87' lang='lat' dir='ltr'>lucem,</span> 
     </span>
     <span class='ocr_line' id='line_1_59' title="bbox 980 502 1766 541; baseline -0.005 -8"><span class='ocrx_word' id='word_1_432' title='bbox 980 505 1108 541; x_wconf 88' lang='lat' dir='ltr'>diligunt</span> <span class='ocrx_word' id='word_1_433' title='bbox 1121 505 1266 533; x_wconf 79' lang='lat' dir='ltr'>tenebras.</span> <span class='ocrx_word' id='word_1_434' title='bbox 1284 505 1312 534; x_wconf 87' lang='lat' dir='ltr'>Si</span> <span class='ocrx_word' id='word_1_435' title='bbox 1328 505 1408 533; x_wconf 89' lang='lat' dir='ltr'>enim</span> <span class='ocrx_word' id='word_1_436' title='bbox 1423 504 1528 532; x_wconf 85' lang='lat' dir='ltr'>oculus</span> <span class='ocrx_word' id='word_1_437' title='bbox 1544 502 1650 531; x_wconf 86' lang='lat' dir='ltr'>debilis</span> <span class='ocrx_word' id='word_1_438' title='bbox 1670 502 1766 530; x_wconf 89' lang='lat' dir='ltr'>solem</span> 
     </span>
     <span class='ocr_line' id='line_1_60' title="bbox 979 549 1764 589; baseline -0.005 -9"><span class='ocrx_word' id='word_1_439' title='bbox 979 553 1142 589; x_wconf 85' lang='lat' dir='ltr'>aspexerit,</span> <span class='ocrx_word' id='word_1_440' title='bbox 1157 560 1219 580; x_wconf 91' lang='lat' dir='ltr'>non</span> <span class='ocrx_word' id='word_1_441' title='bbox 1242 551 1312 580; x_wconf 89' lang='lat' dir='ltr'>inde</span> <span class='ocrx_word' id='word_1_442' title='bbox 1327 553 1521 587; x_wconf 87' lang='lat' dir='ltr'>augmentum</span> <span class='ocrx_word' id='word_1_443' title='bbox 1540 549 1662 578; x_wconf 91' lang='lat' dir='ltr'>luminis</span> <span class='ocrx_word' id='word_1_444' title='bbox 1686 549 1764 577; x_wconf 89' lang='lat' dir='ltr'>acci-</span> 
     </span>
     <span class='ocr_line' id='line_1_61' title="bbox 978 596 1765 635; baseline -0.005 -7"><span class='ocrx_word' id='word_1_445' title='bbox 978 599 1031 635; x_wconf 91' lang='lat' dir='ltr'>pit,</span> <span class='ocrx_word' id='word_1_446' title='bbox 1052 600 1104 628; x_wconf 86' lang='lat' dir='ltr'>sed</span> <span class='ocrx_word' id='word_1_447' title='bbox 1120 599 1279 635; x_wconf 84' lang='lat' dir='ltr'>caliginem</span> <span class='ocrx_word' id='word_1_448' title='bbox 1297 599 1394 635; x_wconf 87' lang='lat' dir='ltr'>potius</span> <span class='ocrx_word' id='word_1_449' title='bbox 1420 597 1556 626; x_wconf 88' lang='lat' dir='ltr'>caecitatis</span> <span class='ocrx_word' id='word_1_450' title='bbox 1579 596 1720 632; x_wconf 88' lang='lat' dir='ltr'>incurrit,·</span> <span class='ocrx_word' id='word_1_451' title='bbox 1736 598 1765 624; x_wconf 89' lang='lat' dir='ltr'>et</span> 
     </span>
     <span class='ocr_line' id='line_1_62' title="bbox 980 643 1764 679; baseline -0.005 -4"><span class='ocrx_word' id='word_1_452' title='bbox 980 647 1059 675; x_wconf 84' lang='lat' dir='ltr'>unde</span> <span class='ocrx_word' id='word_1_453' title='bbox 1074 647 1154 675; x_wconf 89' lang='lat' dir='ltr'>visus</span> <span class='ocrx_word' id='word_1_454' title='bbox 1166 649 1280 675; x_wconf 83' lang='lat' dir='ltr'>noctuae</span> <span class='ocrx_word' id='word_1_455' title='bbox 1290 646 1454 674; x_wconf 83' lang='lat' dir='ltr'>excaecatur</span> <span class='ocrx_word' id='word_1_456' title='bbox 1467 647 1494 673; x_wconf 91' lang='lat' dir='ltr'>et</span> <span class='ocrx_word' id='word_1_457' title='bbox 1507 645 1684 679; x_wconf 84' lang='lat' dir='ltr'>infirmatur,</span> <span class='ocrx_word' id='word_1_458' title='bbox 1693 643 1764 672; x_wconf 85' lang='lat' dir='ltr'>inde</span> 
     </span>
     <span class='ocr_line' id='line_1_63' title="bbox 979 691 1765 731; baseline -0.004 -9"><span class='ocrx_word' id='word_1_459' title='bbox 979 695 1060 722; x_wconf 88' lang='lat' dir='ltr'>visus</span> <span class='ocrx_word' id='word_1_460' title='bbox 1075 695 1240 731; x_wconf 86' lang='lat' dir='ltr'>plurimum</span> <span class='ocrx_word' id='word_1_461' title='bbox 1263 694 1426 722; x_wconf 84' lang='lat' dir='ltr'>delectatur</span> <span class='ocrx_word' id='word_1_462' title='bbox 1449 693 1612 729; x_wconf 84' lang='lat' dir='ltr'>aquilinus,</span> <span class='ocrx_word' id='word_1_463' title='bbox 1635 693 1722 727; x_wconf 87' lang='lat' dir='ltr'>Ergo,</span> <span class='ocrx_word' id='word_1_464' title='bbox 1741 691 1765 719; x_wconf 89' lang='lat' dir='ltr'>si</span> 
     </span>
     <span class='ocr_line' id='line_1_64' title="bbox 979 739 1765 776; baseline -0.004 -7"><span class='ocrx_word' id='word_1_465' title='bbox 979 741 1120 769; x_wconf 87' lang='lat' dir='ltr'>volumus</span> <span class='ocrx_word' id='word_1_466' title='bbox 1131 741 1170 769; x_wconf 88' lang='lat' dir='ltr'>ad</span> <span class='ocrx_word' id='word_1_467' title='bbox 1185 741 1413 774; x_wconf 86' lang='lat' dir='ltr'>beatitudinem,</span> <span class='ocrx_word' id='word_1_468' title='bbox 1431 747 1523 776; x_wconf 85' lang='lat' dir='ltr'>quam</span> <span class='ocrx_word' id='word_1_469' title='bbox 1538 739 1677 776; x_wconf 87' lang='lat' dir='ltr'>petimus,</span> <span class='ocrx_word' id='word_1_470' title='bbox 1696 747 1765 774; x_wconf 90' lang='lat' dir='ltr'>per-</span> 
     </span>
     <span class='ocr_line' id='line_1_65' title="bbox 979 786 1764 825; baseline -0.004 -9"><span class='ocrx_word' id='word_1_471' title='bbox 979 789 1089 824; x_wconf 88' lang='lat' dir='ltr'>venire,</span> <span class='ocrx_word' id='word_1_472' title='bbox 1106 797 1174 825; x_wconf 58' lang='lat' dir='ltr'>quae</span> <span class='ocrx_word' id='word_1_473' title='bbox 1189 796 1251 816; x_wconf 89' lang='lat' dir='ltr'>non</span> <span class='ocrx_word' id='word_1_474' title='bbox 1266 790 1308 816; x_wconf 89' lang='lat' dir='ltr'>est</span> <span class='ocrx_word' id='word_1_475' title='bbox 1324 787 1418 823; x_wconf 90' lang='lat' dir='ltr'>aliud,</span> <span class='ocrx_word' id='word_1_476' title='bbox 1435 795 1528 823; x_wconf 91' lang='lat' dir='ltr'>quam</span> <span class='ocrx_word' id='word_1_477' title='bbox 1543 788 1636 814; x_wconf 86' lang='lat' dir='ltr'>Deum</span> <span class='ocrx_word' id='word_1_478' title='bbox 1650 786 1764 820; x_wconf 89' lang='lat' dir='ltr'>videre,</span> 
     </span>
     <span class='ocr_line' id='line_1_66' title="bbox 980 828 1765 872; baseline -0.004 -9"><span class='ocrx_word' id='word_1_479' title='bbox 980 828 1097 872; x_wconf 76' lang='lat' dir='ltr'>oportet</span> <span class='ocrx_word' id='word_1_480' title='bbox 1119 836 1250 863; x_wconf 87' lang='lat' dir='ltr'>mundos</span> <span class='ocrx_word' id='word_1_481' title='bbox 1274 843 1346 863; x_wconf 90' lang='lat' dir='ltr'>esse.</span> <span class='ocrx_word' id='word_1_482' title='bbox 1373 836 1405 862; x_wconf 88' lang='lat' dir='ltr'>Et</span> <span class='ocrx_word' id='word_1_483' title='bbox 1425 834 1495 862; x_wconf 90' lang='lat' dir='ltr'>ideo</span> <span class='ocrx_word' id='word_1_484' title='bbox 1518 834 1549 861; x_wconf 90' lang='lat' dir='ltr'>in</span> <span class='ocrx_word' id='word_1_485' title='bbox 1572 833 1666 861; x_wconf 91' lang='lat' dir='ltr'>verbo</span> <span class='ocrx_word' id='word_1_486' title='bbox 1688 841 1765 869; x_wconf 79' lang='lat' dir='ltr'>prae-</span> 
     </span>
     <span class='ocr_line' id='line_1_67' title="bbox 980 881 1764 919; baseline -0.001 -8"><span class='ocrx_word' id='word_1_487' title='bbox 980 883 1071 911; x_wconf 92' lang='lat' dir='ltr'>misso</span> <span class='ocrx_word' id='word_1_488' title='bbox 1101 884 1243 912; x_wconf 90' lang='lat' dir='ltr'>Dominus</span> <span class='ocrx_word' id='word_1_489' title='bbox 1273 883 1310 911; x_wconf 90' lang='lat' dir='ltr'>de</span> <span class='ocrx_word' id='word_1_490' title='bbox 1343 882 1498 919; x_wconf 87' lang='lat' dir='ltr'>discipulis</span> <span class='ocrx_word' id='word_1_491' title='bbox 1531 882 1592 910; x_wconf 92' lang='lat' dir='ltr'>duo</span> <span class='ocrx_word' id='word_1_492' title='bbox 1624 881 1764 910; x_wconf 83' lang='lat' dir='ltr'>ostendit.</span> 
     </span>
     <span class='ocr_line' id='line_1_68' title="bbox 980 929 1764 966; baseline -0.003 -8"><span class='ocrx_word' id='word_1_493' title='bbox 980 930 1077 958; x_wconf 87' lang='lat' dir='ltr'>Primo</span> <span class='ocrx_word' id='word_1_494' title='bbox 1094 931 1174 958; x_wconf 89' lang='lat' dir='ltr'>enim</span> <span class='ocrx_word' id='word_1_495' title='bbox 1189 930 1292 958; x_wconf 87' lang='lat' dir='ltr'>asserit</span> <span class='ocrx_word' id='word_1_496' title='bbox 1308 938 1413 958; x_wconf 90' lang='lat' dir='ltr'>eorum</span> <span class='ocrx_word' id='word_1_497' title='bbox 1427 929 1586 966; x_wconf 89' lang='lat' dir='ltr'>puritatem</span> <span class='ocrx_word' id='word_1_498' title='bbox 1593 939 1601 964; x_wconf 86' lang='lat'>;</span> <span class='ocrx_word' id='word_1_499' title='bbox 1618 929 1764 963; x_wconf 88' lang='lat' dir='ltr'>secundo,</span> 
     </span>
     <span class='ocr_line' id='line_1_69' title="bbox 979 976 1766 1014; baseline -0.003 -9"><span class='ocrx_word' id='word_1_500' title='bbox 979 978 1064 1005; x_wconf 86' lang='lat' dir='ltr'>verbi</span> <span class='ocrx_word' id='word_1_501' title='bbox 1082 977 1175 1005; x_wconf 90' lang='lat' dir='ltr'>divini</span> <span class='ocrx_word' id='word_1_502' title='bbox 1190 977 1333 1014; x_wconf 79' lang='lat' dir='ltr'>praedicat</span> <span class='ocrx_word' id='word_1_503' title='bbox 1351 979 1526 1013; x_wconf 81' lang='lat' dir='ltr'>potestatem</span> <span class='ocrx_word' id='word_1_504' title='bbox 1546 986 1553 1004; x_wconf 78' lang='lat' dir='ltr'><em>z</em></span> <span class='ocrx_word' id='word_1_505' title='bbox 1578 977 1611 1004; x_wconf 87' lang='lat' dir='ltr'>ut</span> <span class='ocrx_word' id='word_1_506' title='bbox 1634 976 1766 1012; x_wconf 89' lang='lat' dir='ltr'>primum</span> 
     </span>
    </p>
   </div>
   <div class='ocr_carea' id='block_1_7' title="bbox 979 1023 1782 1060">
    <p class='ocr_par' dir='ltr' id='par_1_9' title="bbox 979 1023 1782 1060">
     <span class='ocr_line' id='line_1_70' title="bbox 979 1023 1782 1060; baseline -0.002 -8"><span class='ocrx_word' id='word_1_507' title='bbox 979 1025 1123 1052; x_wconf 83' lang='lat' dir='ltr'>referatur</span> <span class='ocrx_word' id='word_1_508' title='bbox 1145 1024 1185 1052; x_wconf 89' lang='lat' dir='ltr'>ad</span> <span class='ocrx_word' id='word_1_509' title='bbox 1209 1024 1420 1060; x_wconf 82' lang='lat' dir='ltr'>Apostolorum</span> <span class='ocrx_word' id='word_1_510' title='bbox 1445 1023 1623 1051; x_wconf 84' lang='lat' dir='ltr'>munditiam</span> <span class='ocrx_word' id='word_1_511' title='bbox 1631 1032 1640 1058; x_wconf 80' lang='lat'><em>3</em></span> <span class='ocrx_word' id='word_1_512' title='bbox 1660 1030 1782 1050; x_wconf 66' lang='lat' dir='ltr'>secum,</span> 
     </span>
    </p>
   </div>
   <div class='ocr_carea' id='block_1_8' title="bbox 980 1069 1768 2713">
    <p class='ocr_par' dir='ltr' id='par_1_10' title="bbox 980 1069 1768 1768">
     <span class='ocr_line' id='line_1_71' title="bbox 980 1069 1765 1105; baseline -0.003 -6"><span class='ocrx_word' id='word_1_513' title='bbox 980 1071 1054 1099; x_wconf 89' lang='lat' dir='ltr'>dum</span> <span class='ocrx_word' id='word_1_514' title='bbox 1077 1079 1165 1105; x_wconf 89' lang='lat' dir='ltr'>vero,</span> <span class='ocrx_word' id='word_1_515' title='bbox 1187 1071 1227 1099; x_wconf 89' lang='lat' dir='ltr'>ad</span> <span class='ocrx_word' id='word_1_516' title='bbox 1244 1071 1329 1099; x_wconf 87' lang='lat' dir='ltr'>verbi</span> <span class='ocrx_word' id='word_1_517' title='bbox 1349 1071 1442 1100; x_wconf 86' lang='lat' dir='ltr'>divini</span> <span class='ocrx_word' id='word_1_518' title='bbox 1461 1070 1636 1098; x_wconf 84' lang='lat' dir='ltr'>efficaciam.</span> <span class='ocrx_word' id='word_1_519' title='bbox 1668 1069 1765 1098; x_wconf 90' lang='lat' dir='ltr'>Primo</span> 
     </span>
     <span class='ocr_line' id='line_1_72' title="bbox 981 1118 1765 1155; baseline -0.001 -9"><span class='ocrx_word' id='word_1_520' title='bbox 981 1127 1052 1154; x_wconf 83' lang='lat' dir='ltr'>ergo</span> <span class='ocrx_word' id='word_1_521' title='bbox 1065 1121 1182 1146; x_wconf 87' lang='lat' dir='ltr'>sanctos</span> <span class='ocrx_word' id='word_1_522' title='bbox 1197 1118 1355 1155; x_wconf 79' lang='lat' dir='ltr'>Apostolos</span> <span class='ocrx_word' id='word_1_523' title='bbox 1367 1118 1513 1146; x_wconf 86' lang='lat' dir='ltr'>candidos</span> <span class='ocrx_word' id='word_1_524' title='bbox 1526 1118 1679 1151; x_wconf 87' lang='lat' dir='ltr'>monstrat,</span> <span class='ocrx_word' id='word_1_525' title='bbox 1697 1125 1765 1145; x_wconf 92' lang='lat' dir='ltr'>cum</span> 
     </span>
     <span class='ocr_line' id='line_1_73' title="bbox 981 1165 1766 1194; baseline -0.001 -1"><span class='ocrx_word' id='word_1_526' title='bbox 981 1166 1052 1193; x_wconf 87' lang='lat' dir='ltr'>dicit</span> <span class='ocrx_word' id='word_1_527' title='bbox 1068 1175 1075 1193; x_wconf 72' lang='grc' dir='ltr'>ε</span> <span class='ocrx_word' id='word_1_528' title='bbox 1095 1167 1147 1194; x_wconf 86' lang='lat' dir='ltr'>Vos</span> <span class='ocrx_word' id='word_1_529' title='bbox 1163 1166 1260 1193; x_wconf 77' lang='lat' dir='ltr'>mundi</span> <span class='ocrx_word' id='word_1_530' title='bbox 1274 1167 1348 1193; x_wconf 71' lang='lat' dir='ltr'>estis.</span> <span class='ocrx_word' id='word_1_531' title='bbox 1368 1165 1505 1193; x_wconf 85' lang='lat' dir='ltr'>Secundo</span> <span class='ocrx_word' id='word_1_532' title='bbox 1523 1173 1593 1193; x_wconf 87' lang='lat' dir='ltr'>vero</span> <span class='ocrx_word' id='word_1_533' title='bbox 1612 1165 1766 1192; x_wconf 86' lang='lat' dir='ltr'>munditiae</span> 
     </span>
     <span class='ocr_line' id='line_1_74' title="bbox 981 1212 1764 1249; baseline 0 -9"><span class='ocrx_word' id='word_1_534' title='bbox 981 1221 1103 1241; x_wconf 84' lang='lat' dir='ltr'>causam</span> <span class='ocrx_word' id='word_1_535' title='bbox 1129 1213 1286 1249; x_wconf 79' lang='lat' dir='ltr'>explanat,</span> <span class='ocrx_word' id='word_1_536' title='bbox 1309 1221 1378 1240; x_wconf 86' lang='lat' dir='ltr'>cum</span> <span class='ocrx_word' id='word_1_537' title='bbox 1403 1212 1487 1240; x_wconf 86' lang='lat' dir='ltr'>addit</span> <span class='ocrx_word' id='word_1_538' title='bbox 1507 1222 1513 1240; x_wconf 80' lang='lat' dir='ltr'><strong><em>z</em></strong></span> <span class='ocrx_word' id='word_1_539' title='bbox 1539 1215 1650 1248; x_wconf 75' lang='lat' dir='ltr'>Propter</span> <span class='ocrx_word' id='word_1_540' title='bbox 1664 1220 1764 1240; x_wconf 81' lang='lat' dir='ltr'>sermo-</span> 
     </span>
     <span class='ocr_line' id='line_1_75' title="bbox 980 1260 1766 1296; baseline -0.001 -8"><span class='ocrx_word' id='word_1_541' title='bbox 980 1268 1050 1295; x_wconf 76' lang='lat' dir='ltr'>nem,</span> <span class='ocrx_word' id='word_1_542' title='bbox 1067 1262 1121 1288; x_wconf 86' lang='lat' dir='ltr'>etc.</span> <span class='ocrx_word' id='word_1_543' title='bbox 1139 1261 1258 1288; x_wconf 88' lang='lat' dir='ltr'>Divinus</span> <span class='ocrx_word' id='word_1_544' title='bbox 1283 1269 1353 1296; x_wconf 87' lang='lat' dir='ltr'>ergo</span> <span class='ocrx_word' id='word_1_545' title='bbox 1373 1268 1471 1288; x_wconf 83' lang='lat' dir='ltr'>sermo</span> <span class='ocrx_word' id='word_1_546' title='bbox 1494 1261 1637 1296; x_wconf 85' lang='lat' dir='ltr'>potestate</span> <span class='ocrx_word' id='word_1_547' title='bbox 1659 1260 1766 1296; x_wconf 83' lang='lat' dir='ltr'>plenus</span> 
     </span>
     <span class='ocr_line' id='line_1_76' title="bbox 981 1306 1767 1343; baseline -0.001 -8"><span class='ocrx_word' id='word_1_548' title='bbox 981 1310 1033 1343; x_wconf 87' lang='lat' dir='ltr'>est,</span> <span class='ocrx_word' id='word_1_549' title='bbox 1049 1310 1077 1336; x_wconf 86' lang='lat' dir='ltr'>et</span> <span class='ocrx_word' id='word_1_550' title='bbox 1093 1308 1162 1336; x_wconf 90' lang='lat' dir='ltr'>ideo</span> <span class='ocrx_word' id='word_1_551' title='bbox 1178 1307 1325 1335; x_wconf 89' lang='lat' dir='ltr'>mundare</span> <span class='ocrx_word' id='word_1_552' title='bbox 1342 1315 1456 1342; x_wconf 88' lang='lat' dir='ltr'>omnes,</span> <span class='ocrx_word' id='word_1_553' title='bbox 1466 1315 1543 1343; x_wconf 86' lang='lat' dir='ltr'>quos</span> <span class='ocrx_word' id='word_1_554' title='bbox 1558 1306 1696 1341; x_wconf 88' lang='lat' dir='ltr'>voluerit,</span> <span class='ocrx_word' id='word_1_555' title='bbox 1713 1314 1767 1342; x_wconf 89' lang='lat' dir='ltr'>po-</span> 
     </span>
     <span class='ocr_line' id='line_1_77' title="bbox 981 1353 1766 1390; baseline -0.003 -8"><span class='ocrx_word' id='word_1_556' title='bbox 981 1356 1043 1383; x_wconf 84' lang='lat' dir='ltr'>test.</span> <span class='ocrx_word' id='word_1_557' title='bbox 1062 1356 1109 1383; x_wconf 87' lang='lat' dir='ltr'>Est</span> <span class='ocrx_word' id='word_1_558' title='bbox 1124 1363 1195 1390; x_wconf 80' lang='lat' dir='ltr'>ergo</span> <span class='ocrx_word' id='word_1_559' title='bbox 1211 1355 1389 1389; x_wconf 88' lang='lat' dir='ltr'>notandum,</span> <span class='ocrx_word' id='word_1_560' title='bbox 1406 1353 1490 1390; x_wconf 86' lang='lat' dir='ltr'>quod</span> <span class='ocrx_word' id='word_1_561' title='bbox 1503 1353 1610 1389; x_wconf 81' lang='lat' dir='ltr'>triplex</span> <span class='ocrx_word' id='word_1_562' title='bbox 1625 1355 1667 1381; x_wconf 85' lang='lat' dir='ltr'>est</span> <span class='ocrx_word' id='word_1_563' title='bbox 1680 1361 1766 1381; x_wconf 91' lang='lat' dir='ltr'>mun-</span> 
     </span>
     <span class='ocr_line' id='line_1_78' title="bbox 982 1400 1767 1436; baseline -0.003 -6"><span class='ocrx_word' id='word_1_564' title='bbox 982 1403 1054 1430; x_wconf 85' lang='lat' dir='ltr'>ditia</span> <span class='ocrx_word' id='word_1_565' title='bbox 1081 1403 1257 1436; x_wconf 87' lang='lat' dir='ltr'>hominum,</span> <span class='ocrx_word' id='word_1_566' title='bbox 1283 1401 1449 1429; x_wconf 86' lang='lat' dir='ltr'>necessaria</span> <span class='ocrx_word' id='word_1_567' title='bbox 1464 1401 1503 1428; x_wconf 88' lang='lat' dir='ltr'>ad</span> <span class='ocrx_word' id='word_1_568' title='bbox 1526 1400 1673 1428; x_wconf 81' lang='lat' dir='ltr'>visionem</span> <span class='ocrx_word' id='word_1_569' title='bbox 1689 1400 1767 1428; x_wconf 90' lang='lat' dir='ltr'>divi-</span> 
     </span>
     <span class='ocr_line' id='line_1_79' title="bbox 981 1447 1767 1483; baseline -0.001 -6"><span class='ocrx_word' id='word_1_570' title='bbox 981 1458 1062 1478; x_wconf 87' lang='lat' dir='ltr'>nam.</span> <span class='ocrx_word' id='word_1_571' title='bbox 1080 1450 1176 1477; x_wconf 84' lang='lat' dir='ltr'>Prima</span> <span class='ocrx_word' id='word_1_572' title='bbox 1197 1451 1240 1477; x_wconf 86' lang='lat' dir='ltr'>est</span> <span class='ocrx_word' id='word_1_573' title='bbox 1260 1449 1409 1477; x_wconf 86' lang='lat' dir='ltr'>munditia</span> <span class='ocrx_word' id='word_1_574' title='bbox 1428 1448 1546 1483; x_wconf 77' lang='lat' dir='ltr'>cordis3</span> <span class='ocrx_word' id='word_1_575' title='bbox 1570 1447 1701 1476; x_wconf 87' lang='lat' dir='ltr'>secunda</span> <span class='ocrx_word' id='word_1_576' title='bbox 1725 1449 1767 1476; x_wconf 80' lang='lat' dir='ltr'>est</span> 
     </span>
     <span class='ocr_line' id='line_1_80' title="bbox 981 1495 1766 1532; baseline -0.003 -8"><span class='ocrx_word' id='word_1_577' title='bbox 981 1497 1130 1525; x_wconf 88' lang='lat' dir='ltr'>munditia</span> <span class='ocrx_word' id='word_1_578' title='bbox 1145 1497 1223 1532; x_wconf 86' lang='lat' dir='ltr'>oris;</span> <span class='ocrx_word' id='word_1_579' title='bbox 1239 1497 1325 1524; x_wconf 84' lang='lat' dir='ltr'>tertia</span> <span class='ocrx_word' id='word_1_580' title='bbox 1351 1498 1394 1524; x_wconf 90' lang='lat' dir='ltr'>est</span> <span class='ocrx_word' id='word_1_581' title='bbox 1415 1495 1563 1523; x_wconf 88' lang='lat' dir='ltr'>munditia</span> <span class='ocrx_word' id='word_1_582' title='bbox 1588 1495 1695 1531; x_wconf 79' lang='lat' dir='ltr'>operis.</span> <span class='ocrx_word' id='word_1_583' title='bbox 1719 1497 1766 1523; x_wconf 82' lang='lat' dir='ltr'>Est</span> 
     </span>
     <span class='ocr_line' id='line_1_81' title="bbox 982 1542 1766 1578; baseline -0.003 -7"><span class='ocrx_word' id='word_1_584' title='bbox 982 1544 1061 1571; x_wconf 89' lang='lat' dir='ltr'>enim</span> <span class='ocrx_word' id='word_1_585' title='bbox 1094 1552 1149 1578; x_wconf 57' lang='lat' dir='ltr'>con</span> <span class='ocrx_word' id='word_1_586' title='bbox 1178 1544 1323 1571; x_wconf 83' lang='lat' dir='ltr'>mundare</span> <span class='ocrx_word' id='word_1_587' title='bbox 1334 1565 1342 1578; x_wconf 91' lang='lat'>,</span> <span class='ocrx_word' id='word_1_588' title='bbox 1373 1543 1447 1570; x_wconf 87' lang='lat' dir='ltr'>nihil</span> <span class='ocrx_word' id='word_1_589' title='bbox 1476 1542 1668 1570; x_wconf 89' lang='lat' dir='ltr'>immundum</span> <span class='ocrx_word' id='word_1_590' title='bbox 1679 1564 1687 1574; x_wconf 91' lang='lat'><em>‚</em></span> <span class='ocrx_word' id='word_1_591' title='bbox 1717 1542 1766 1570; x_wconf 91' lang='lat' dir='ltr'>vel</span> 
     </span>
     <span class='ocr_line' id='line_1_82' title="bbox 982 1589 1767 1627; baseline -0.003 -9"><span class='ocrx_word' id='word_1_592' title='bbox 982 1591 1107 1619; x_wconf 81' lang='lat' dir='ltr'>noxium</span> <span class='ocrx_word' id='word_1_593' title='bbox 1124 1592 1179 1627; x_wconf 77' lang='lat' dir='ltr'>(b),</span> <span class='ocrx_word' id='word_1_594' title='bbox 1206 1591 1347 1626; x_wconf 83' lang='lat' dir='ltr'>cogitare.</span> <span class='ocrx_word' id='word_1_595' title='bbox 1370 1592 1416 1618; x_wconf 87' lang='lat' dir='ltr'>Est</span> <span class='ocrx_word' id='word_1_596' title='bbox 1440 1598 1473 1618; x_wconf 81' lang='lat' dir='ltr'>os</span> <span class='ocrx_word' id='word_1_597' title='bbox 1500 1589 1668 1623; x_wconf 85' lang='lat' dir='ltr'>mundare,</span> <span class='ocrx_word' id='word_1_598' title='bbox 1692 1589 1767 1617; x_wconf 86' lang='lat' dir='ltr'>nihil</span> 
     </span>
     <span class='ocr_line' id='line_1_83' title="bbox 982 1636 1766 1674; baseline -0.003 -9"><span class='ocrx_word' id='word_1_599' title='bbox 982 1640 1067 1674; x_wconf 87' lang='lat' dir='ltr'>turpe</span> <span class='ocrx_word' id='word_1_600' title='bbox 1081 1637 1188 1666; x_wconf 87' lang='lat' dir='ltr'>dicere.</span> <span class='ocrx_word' id='word_1_601' title='bbox 1209 1639 1256 1666; x_wconf 88' lang='lat' dir='ltr'>Est</span> <span class='ocrx_word' id='word_1_602' title='bbox 1278 1646 1353 1674; x_wconf 83' lang='lat' dir='ltr'>opus</span> <span class='ocrx_word' id='word_1_603' title='bbox 1368 1637 1532 1671; x_wconf 86' lang='lat' dir='ltr'>mundare,</span> <span class='ocrx_word' id='word_1_604' title='bbox 1545 1636 1620 1664; x_wconf 88' lang='lat' dir='ltr'>nihil</span> <span class='ocrx_word' id='word_1_605' title='bbox 1635 1636 1766 1663; x_wconf 90' lang='lat' dir='ltr'>immun-</span> 
     </span>
     <span class='ocr_line' id='line_1_84' title="bbox 983 1682 1768 1719; baseline -0.003 -7"><span class='ocrx_word' id='word_1_606' title='bbox 983 1685 1056 1712; x_wconf 90' lang='lat' dir='ltr'>dum</span> <span class='ocrx_word' id='word_1_607' title='bbox 1070 1685 1181 1718; x_wconf 89' lang='lat' dir='ltr'>videre,</span> <span class='ocrx_word' id='word_1_608' title='bbox 1198 1685 1248 1713; x_wconf 90' lang='lat' dir='ltr'>vel</span> <span class='ocrx_word' id='word_1_609' title='bbox 1264 1685 1380 1719; x_wconf 83' lang='lat' dir='ltr'>audire,</span> <span class='ocrx_word' id='word_1_610' title='bbox 1397 1684 1472 1712; x_wconf 85' lang='lat' dir='ltr'>nihil</span> <span class='ocrx_word' id='word_1_611' title='bbox 1486 1684 1678 1711; x_wconf 87' lang='lat' dir='ltr'>immundum</span> <span class='ocrx_word' id='word_1_612' title='bbox 1688 1682 1768 1718; x_wconf 86' lang='lat' dir='ltr'>cogi-</span> 
     </span>
     <span class='ocr_line' id='line_1_85' title="bbox 981 1732 1459 1768; baseline -0.002 -8"><span class='ocrx_word' id='word_1_613' title='bbox 981 1733 1053 1767; x_wconf 88' lang='lat' dir='ltr'>tare,</span> <span class='ocrx_word' id='word_1_614' title='bbox 1069 1735 1251 1768; x_wconf 84' lang='lat' dir='ltr'>perpetrare,</span> <span class='ocrx_word' id='word_1_615' title='bbox 1264 1732 1313 1760; x_wconf 82' lang='lat' dir='ltr'>vel</span> <span class='ocrx_word' id='word_1_616' title='bbox 1329 1734 1459 1767; x_wconf 86' lang='lat' dir='ltr'>tangere.</span> 
     </span>
    </p>

    <p class='ocr_par' dir='ltr' id='par_1_11' title="bbox 982 1778 1768 2664">
     <span class='ocr_line' id='line_1_86' title="bbox 1019 1778 1766 1815; baseline -0.004 -8"><span class='ocrx_word' id='word_1_617' title='bbox 1019 1780 1154 1807; x_wconf 84' lang='lat' dir='ltr'>Dicamus</span> <span class='ocrx_word' id='word_1_618' title='bbox 1170 1788 1253 1815; x_wconf 80' lang='lat' dir='ltr'>ergo,</span> <span class='ocrx_word' id='word_1_619' title='bbox 1270 1779 1354 1815; x_wconf 87' lang='lat' dir='ltr'>quod</span> <span class='ocrx_word' id='word_1_620' title='bbox 1369 1779 1466 1814; x_wconf 87' lang='lat' dir='ltr'>prima</span> <span class='ocrx_word' id='word_1_621' title='bbox 1480 1778 1628 1806; x_wconf 88' lang='lat' dir='ltr'>munditia</span> <span class='ocrx_word' id='word_1_622' title='bbox 1643 1778 1685 1805; x_wconf 83' lang='lat' dir='ltr'>est</span> <span class='ocrx_word' id='word_1_623' title='bbox 1700 1785 1766 1805; x_wconf 88' lang='lat' dir='ltr'>cor-</span> 
     </span>
     <span class='ocr_line' id='line_1_87' title="bbox 983 1824 1766 1862; baseline -0.004 -8"><span class='ocrx_word' id='word_1_624' title='bbox 983 1826 1038 1861; x_wconf 83' lang='lat' dir='ltr'>dis,</span> <span class='ocrx_word' id='word_1_625' title='bbox 1058 1827 1143 1862; x_wconf 81' lang='lat' dir='ltr'>quasi</span> <span class='ocrx_word' id='word_1_626' title='bbox 1158 1827 1285 1854; x_wconf 88' lang='lat' dir='ltr'>aliarum</span> <span class='ocrx_word' id='word_1_627' title='bbox 1301 1826 1437 1854; x_wconf 90' lang='lat' dir='ltr'>omnium</span> <span class='ocrx_word' id='word_1_628' title='bbox 1452 1825 1603 1860; x_wconf 82' lang='lat' dir='ltr'>radicalis,</span> <span class='ocrx_word' id='word_1_629' title='bbox 1620 1825 1681 1852; x_wconf 87' lang='lat' dir='ltr'>sive</span> <span class='ocrx_word' id='word_1_630' title='bbox 1699 1824 1766 1851; x_wconf 82' lang='lat' dir='ltr'>son-</span> 
     </span>
     <span class='ocr_line' id='line_1_88' title="bbox 983 1871 1768 1905; baseline -0.005 -5"><span class='ocrx_word' id='word_1_631' title='bbox 983 1872 1057 1900; x_wconf 85' lang='lat' dir='ltr'>talis.</span> <span class='ocrx_word' id='word_1_632' title='bbox 1074 1874 1150 1900; x_wconf 89' lang='lat' dir='ltr'>Inter</span> <span class='ocrx_word' id='word_1_633' title='bbox 1173 1872 1276 1900; x_wconf 88' lang='lat' dir='ltr'>omnia</span> <span class='ocrx_word' id='word_1_634' title='bbox 1295 1872 1374 1899; x_wconf 88' lang='lat' dir='ltr'>enim</span> <span class='ocrx_word' id='word_1_635' title='bbox 1398 1871 1549 1905; x_wconf 86' lang='lat' dir='ltr'>membra,</span> <span class='ocrx_word' id='word_1_636' title='bbox 1565 1878 1616 1898; x_wconf 88' lang='lat' dir='ltr'>cor</span> <span class='ocrx_word' id='word_1_637' title='bbox 1632 1871 1673 1897; x_wconf 81' lang='lat' dir='ltr'>est</span> <span class='ocrx_word' id='word_1_638' title='bbox 1688 1877 1768 1897; x_wconf 85' lang='lat' dir='ltr'>crea-</span> 
     </span>
     <span class='ocr_line' id='line_1_89' title="bbox 982 1916 1767 1956; baseline -0.005 -8"><span class='ocrx_word' id='word_1_639' title='bbox 982 1920 1062 1955; x_wconf 86' lang='lat' dir='ltr'>tione</span> <span class='ocrx_word' id='word_1_640' title='bbox 1084 1921 1235 1956; x_wconf 88' lang='lat' dir='ltr'>primum,</span> <span class='ocrx_word' id='word_1_641' title='bbox 1264 1921 1305 1947; x_wconf 87' lang='lat' dir='ltr'>est</span> <span class='ocrx_word' id='word_1_642' title='bbox 1326 1919 1433 1947; x_wconf 81' lang='lat' dir='ltr'>animae</span> <span class='ocrx_word' id='word_1_643' title='bbox 1456 1918 1620 1955; x_wconf 85' lang='lat' dir='ltr'>principale</span> <span class='ocrx_word' id='word_1_644' title='bbox 1645 1916 1767 1945; x_wconf 89' lang='lat' dir='ltr'>domici-</span> 
     </span>
     <span class='ocr_line' id='line_1_90' title="bbox 983 1966 1767 2003; baseline -0.005 -7"><span class='ocrx_word' id='word_1_645' title='bbox 983 1968 1076 2003; x_wconf 84' lang='lat' dir='ltr'>lium,</span> <span class='ocrx_word' id='word_1_646' title='bbox 1100 1970 1142 1996; x_wconf 85' lang='lat' dir='ltr'>est</span> <span class='ocrx_word' id='word_1_647' title='bbox 1169 1968 1322 1996; x_wconf 69' lang='lat' dir='ltr'>influentia</span> <span class='ocrx_word' id='word_1_648' title='bbox 1350 1967 1532 2001; x_wconf 81' lang='lat' dir='ltr'>maximum,</span> <span class='ocrx_word' id='word_1_649' title='bbox 1557 1969 1585 1994; x_wconf 90' lang='lat' dir='ltr'>et</span> <span class='ocrx_word' id='word_1_650' title='bbox 1599 1966 1667 1994; x_wconf 88' lang='lat' dir='ltr'>ideo</span> <span class='ocrx_word' id='word_1_651' title='bbox 1683 1966 1767 1992; x_wconf 86' lang='lat' dir='ltr'>motu</span> 
     </span>
     <span class='ocr_line' id='line_1_91' title="bbox 983 2013 1766 2050; baseline -0.004 -7"><span class='ocrx_word' id='word_1_652' title='bbox 983 2016 1169 2050; x_wconf 86' lang='lat' dir='ltr'>continuum,</span> <span class='ocrx_word' id='word_1_653' title='bbox 1186 2018 1213 2043; x_wconf 90' lang='lat' dir='ltr'>et</span> <span class='ocrx_word' id='word_1_654' title='bbox 1229 2018 1271 2043; x_wconf 87' lang='lat' dir='ltr'>est</span> <span class='ocrx_word' id='word_1_655' title='bbox 1289 2015 1386 2043; x_wconf 86' lang='lat' dir='ltr'>omnis</span> <span class='ocrx_word' id='word_1_656' title='bbox 1402 2017 1501 2043; x_wconf 90' lang='lat' dir='ltr'>motus</span> <span class='ocrx_word' id='word_1_657' title='bbox 1521 2016 1548 2042; x_wconf 86' lang='lat' dir='ltr'>et</span> <span class='ocrx_word' id='word_1_658' title='bbox 1568 2014 1633 2041; x_wconf 78' lang='lat' dir='ltr'>vitae</span> <span class='ocrx_word' id='word_1_659' title='bbox 1656 2013 1766 2049; x_wconf 84' lang='lat' dir='ltr'>princi-</span> 
     </span>
     <span class='ocr_line' id='line_1_92' title="bbox 983 2061 1766 2099; baseline -0.003 -9"><span class='ocrx_word' id='word_1_660' title='bbox 983 2063 1066 2099; x_wconf 91' lang='lat' dir='ltr'>pium</span> <span class='ocrx_word' id='word_1_661' title='bbox 1084 2072 1090 2091; x_wconf 71' lang='grc' dir='ltr'><strong><em>ι</em></strong></span> <span class='ocrx_word' id='word_1_662' title='bbox 1108 2063 1179 2099; x_wconf 87' lang='lat' dir='ltr'>quia</span> <span class='ocrx_word' id='word_1_663' title='bbox 1194 2071 1249 2090; x_wconf 89' lang='lat' dir='ltr'>nec</span> <span class='ocrx_word' id='word_1_664' title='bbox 1265 2071 1298 2090; x_wconf 87' lang='lat' dir='ltr'>os</span> <span class='ocrx_word' id='word_1_665' title='bbox 1314 2062 1475 2098; x_wconf 85' lang='lat' dir='ltr'>aperimus,</span> <span class='ocrx_word' id='word_1_666' title='bbox 1487 2070 1542 2089; x_wconf 87' lang='lat' dir='ltr'>nec</span> <span class='ocrx_word' id='word_1_667' title='bbox 1553 2061 1669 2097; x_wconf 82' lang='lat' dir='ltr'>aliquid</span> <span class='ocrx_word' id='word_1_668' title='bbox 1683 2061 1766 2088; x_wconf 86' lang='lat' dir='ltr'>aliud</span> 
     </span>
     <span class='ocr_line' id='line_1_93' title="bbox 983 2108 1766 2145; baseline -0.003 -8"><span class='ocrx_word' id='word_1_669' title='bbox 983 2111 1110 2145; x_wconf 83' lang='lat' dir='ltr'>agimus,</span> <span class='ocrx_word' id='word_1_670' title='bbox 1124 2110 1179 2137; x_wconf 91' lang='lat' dir='ltr'>nisi</span> <span class='ocrx_word' id='word_1_671' title='bbox 1197 2110 1255 2137; x_wconf 88' lang='lat' dir='ltr'>hoc</span> <span class='ocrx_word' id='word_1_672' title='bbox 1270 2118 1307 2137; x_wconf 77' lang='lat' dir='ltr'>ex</span> <span class='ocrx_word' id='word_1_673' title='bbox 1324 2109 1414 2137; x_wconf 86' lang='lat' dir='ltr'>corde</span> <span class='ocrx_word' id='word_1_674' title='bbox 1437 2116 1606 2145; x_wconf 85' lang='lat' dir='ltr'>operemur.</span> <span class='ocrx_word' id='word_1_675' title='bbox 1629 2108 1766 2144; x_wconf 88' lang='lat' dir='ltr'>impossi-</span> 
     </span>
     <span class='ocr_line' id='line_1_94' title="bbox 982 2155 1765 2192; baseline -0.004 -7"><span class='ocrx_word' id='word_1_676' title='bbox 982 2157 1042 2185; x_wconf 87' lang='lat' dir='ltr'>bile</span> <span class='ocrx_word' id='word_1_677' title='bbox 1058 2159 1101 2185; x_wconf 88' lang='lat' dir='ltr'>est</span> <span class='ocrx_word' id='word_1_678' title='bbox 1115 2157 1194 2185; x_wconf 84' lang='lat' dir='ltr'>enim</span> <span class='ocrx_word' id='word_1_679' title='bbox 1210 2157 1325 2192; x_wconf 86' lang='lat' dir='ltr'>aliquid</span> <span class='ocrx_word' id='word_1_680' title='bbox 1345 2164 1407 2184; x_wconf 88' lang='lat' dir='ltr'>esse</span> <span class='ocrx_word' id='word_1_681' title='bbox 1423 2156 1453 2183; x_wconf 92' lang='lat' dir='ltr'>in</span> <span class='ocrx_word' id='word_1_682' title='bbox 1475 2163 1577 2191; x_wconf 81' lang='lat' dir='ltr'>opere,</span> <span class='ocrx_word' id='word_1_683' title='bbox 1592 2155 1641 2183; x_wconf 90' lang='lat' dir='ltr'>vel</span> <span class='ocrx_word' id='word_1_684' title='bbox 1656 2155 1686 2182; x_wconf 91' lang='lat' dir='ltr'>in</span> <span class='ocrx_word' id='word_1_685' title='bbox 1703 2163 1765 2189; x_wconf 89' lang='lat' dir='ltr'>ore,</span> 
     </span>
     <span class='ocr_line' id='line_1_95' title="bbox 984 2202 1765 2241; baseline -0.003 -9"><span class='ocrx_word' id='word_1_686' title='bbox 984 2205 1038 2232; x_wconf 86' lang='lat' dir='ltr'>nisi</span> <span class='ocrx_word' id='word_1_687' title='bbox 1056 2204 1138 2241; x_wconf 84' lang='lat' dir='ltr'>prius</span> <span class='ocrx_word' id='word_1_688' title='bbox 1160 2204 1291 2232; x_wconf 84' lang='lat' dir='ltr'>fueritin</span> <span class='ocrx_word' id='word_1_689' title='bbox 1306 2203 1396 2231; x_wconf 87' lang='lat' dir='ltr'>corde</span> <span class='ocrx_word' id='word_1_690' title='bbox 1420 2212 1426 2231; x_wconf 75' lang='lat' dir='ltr'>z</span> <span class='ocrx_word' id='word_1_691' title='bbox 1450 2203 1499 2231; x_wconf 92' lang='lat' dir='ltr'>vel</span> <span class='ocrx_word' id='word_1_692' title='bbox 1524 2202 1612 2239; x_wconf 88' lang='lat' dir='ltr'>quale</span> <span class='ocrx_word' id='word_1_693' title='bbox 1639 2203 1765 2230; x_wconf 87' lang='lat' dir='ltr'>verbum</span> 
     </span>
     <span class='ocr_line' id='line_1_96' title="bbox 984 2250 1765 2286; baseline -0.003 -7"><span class='ocrx_word' id='word_1_694' title='bbox 984 2252 1092 2286; x_wconf 86' lang='lat' dir='ltr'>cordis,</span> <span class='ocrx_word' id='word_1_695' title='bbox 1109 2252 1166 2279; x_wconf 88' lang='lat' dir='ltr'>tale</span> <span class='ocrx_word' id='word_1_696' title='bbox 1183 2254 1225 2279; x_wconf 84' lang='lat' dir='ltr'>est</span> <span class='ocrx_word' id='word_1_697' title='bbox 1241 2251 1311 2285; x_wconf 84' lang='lat' dir='ltr'>oris,</span> <span class='ocrx_word' id='word_1_698' title='bbox 1325 2252 1353 2278; x_wconf 90' lang='lat' dir='ltr'>et</span> <span class='ocrx_word' id='word_1_699' title='bbox 1368 2250 1475 2286; x_wconf 88' lang='lat' dir='ltr'>operis.</span> <span class='ocrx_word' id='word_1_700' title='bbox 1499 2250 1651 2286; x_wconf 86' lang='lat' dir='ltr'>Numquid</span> <span class='ocrx_word' id='word_1_701' title='bbox 1669 2250 1765 2286; x_wconf 89' lang='lat' dir='ltr'>qualis</span> 
     </span>
     <span class='ocr_line' id='line_1_97' title="bbox 984 2297 1767 2334; baseline -0.003 -8"><span class='ocrx_word' id='word_1_702' title='bbox 984 2301 1025 2326; x_wconf 84' lang='lat' dir='ltr'>est</span> <span class='ocrx_word' id='word_1_703' title='bbox 1045 2299 1124 2333; x_wconf 72' lang='lat' dir='ltr'>fonS,</span> <span class='ocrx_word' id='word_1_704' title='bbox 1140 2302 1199 2326; x_wconf 88' lang='lat' dir='ltr'>non</span> <span class='ocrx_word' id='word_1_705' title='bbox 1214 2298 1280 2326; x_wconf 87' lang='lat' dir='ltr'>talis</span> <span class='ocrx_word' id='word_1_706' title='bbox 1296 2299 1339 2326; x_wconf 86' lang='lat' dir='ltr'>est</span> <span class='ocrx_word' id='word_1_707' title='bbox 1361 2306 1508 2334; x_wconf 86' lang='lat' dir='ltr'>aquarum</span> <span class='ocrx_word' id='word_1_708' title='bbox 1532 2297 1662 2325; x_wconf 68' lang='lat' dir='ltr'>fluvius?</span> <span class='ocrx_word' id='word_1_709' title='bbox 1678 2299 1767 2325; x_wconf 90' lang='lat' dir='ltr'>Num-</span> 
     </span>
     <span class='ocr_line' id='line_1_98' title="bbox 984 2344 1764 2382; baseline -0.003 -9"><span class='ocrx_word' id='word_1_710' title='bbox 984 2346 1057 2382; x_wconf 88' lang='lat' dir='ltr'>quid</span> <span class='ocrx_word' id='word_1_711' title='bbox 1074 2346 1170 2381; x_wconf 88' lang='lat' dir='ltr'>qualis</span> <span class='ocrx_word' id='word_1_712' title='bbox 1181 2347 1224 2373; x_wconf 90' lang='lat' dir='ltr'>est</span> <span class='ocrx_word' id='word_1_713' title='bbox 1239 2345 1335 2380; x_wconf 86' lang='lat' dir='ltr'>radix,</span> <span class='ocrx_word' id='word_1_714' title='bbox 1351 2354 1412 2373; x_wconf 88' lang='lat' dir='ltr'>non</span> <span class='ocrx_word' id='word_1_715' title='bbox 1429 2345 1500 2373; x_wconf 87' lang='lat' dir='ltr'>tales</span> <span class='ocrx_word' id='word_1_716' title='bbox 1513 2344 1663 2372; x_wconf 89' lang='lat' dir='ltr'>suntrami</span> <span class='ocrx_word' id='word_1_717' title='bbox 1674 2344 1764 2372; x_wconf 86' lang='lat' dir='ltr'>arbo-</span> 
     </span>
     <span class='ocr_line' id='line_1_99' title="bbox 984 2392 1767 2427; baseline -0.001 -7"><span class='ocrx_word' id='word_1_718' title='bbox 984 2393 1044 2421; x_wconf 75' lang='lat' dir='ltr'>ris?</span> <span class='ocrx_word' id='word_1_719' title='bbox 1058 2393 1227 2421; x_wconf 75' lang='lat' dir='ltr'>Secundum</span> <span class='ocrx_word' id='word_1_720' title='bbox 1252 2393 1332 2420; x_wconf 86' lang='lat' dir='ltr'>enim</span> <span class='ocrx_word' id='word_1_721' title='bbox 1358 2393 1496 2420; x_wconf 82' lang='lat' dir='ltr'>virtutem</span> <span class='ocrx_word' id='word_1_722' title='bbox 1521 2392 1617 2427; x_wconf 84' lang='lat' dir='ltr'>grani,</span> <span class='ocrx_word' id='word_1_723' title='bbox 1635 2392 1767 2419; x_wconf 85' lang='lat' dir='ltr'>etvarie-</span> 
     </span>
     <span class='ocr_line' id='line_1_100' title="bbox 983 2458 1766 2483; baseline -0.004 0"><span class='ocrx_word' id='word_1_724' title='bbox 983 2459 1009 2483; x_wconf 88' lang='lat' dir='ltr'>iu</span> <span class='ocrx_word' id='word_1_725' title='bbox 1036 2461 1048 2483; x_wconf 79' lang='lat'>2</span> <span class='ocrx_word' id='word_1_726' title='bbox 1073 2460 1203 2483; x_wconf 80' lang='lat' dir='ltr'>Nocturno</span> <span class='ocrx_word' id='word_1_727' title='bbox 1219 2459 1265 2483; x_wconf 49' lang='lat' dir='ltr'>Off.</span> <span class='ocrx_word' id='word_1_728' title='bbox 1295 2458 1367 2482; x_wconf 81' lang='lat' dir='ltr'>Cous.</span> <span class='ocrx_word' id='word_1_729' title='bbox 1390 2459 1463 2482; x_wconf 80' lang='lat' dir='ltr'>l&#39;ont.</span> <span class='ocrx_word' id='word_1_730' title='bbox 1486 2458 1613 2482; x_wconf 85' lang='lat' dir='ltr'>Maximus</span> <span class='ocrx_word' id='word_1_731' title='bbox 1633 2458 1717 2481; x_wconf 76' lang='lat' dir='ltr'>auten]</span> <span class='ocrx_word' id='word_1_732' title='bbox 1741 2459 1766 2481; x_wconf 85' lang='lat' dir='ltr'>et</span> 
     </span>
     <span class='ocr_line' id='line_1_101' title="bbox 984 2494 1764 2525; baseline -0.004 -6"><span class='ocrx_word' id='word_1_733' title='bbox 984 2495 1135 2519; x_wconf 82' lang='lat' dir='ltr'>Ambrosius</span> <span class='ocrx_word' id='word_1_734' title='bbox 1157 2494 1369 2525; x_wconf 82' lang='lat' dir='ltr'>contemporanei</span> <span class='ocrx_word' id='word_1_735' title='bbox 1385 2494 1496 2518; x_wconf 75' lang='lat' dir='ltr'>fuerunt.</span> <span class='ocrx_word' id='word_1_736' title='bbox 1513 2507 1542 2511; x_wconf 98' lang='lat'><strong>—</strong></span> <span class='ocrx_word' id='word_1_737' title='bbox 1559 2494 1570 2509; x_wconf 56' lang='grc' dir='ltr'>Ξ</span> <span class='ocrx_word' id='word_1_738' title='bbox 1583 2494 1666 2521; x_wconf 73' lang='grc' dir='ltr'><em>Ιοαη.,</em></span> <span class='ocrx_word' id='word_1_739' title='bbox 1682 2499 1725 2522; x_wconf 82' lang='lat' dir='ltr'>xv,</span> <span class='ocrx_word' id='word_1_740' title='bbox 1741 2494 1764 2517; x_wconf 88' lang='lat'>3.</span> 
     </span>
     <span class='ocr_line' id='line_1_102' title="bbox 983 2529 1766 2560; baseline -0.003 -5"><span class='ocrx_word' id='word_1_741' title='bbox 983 2545 1014 2549; x_wconf 92' lang='lat'>—</span> <span class='ocrx_word' id='word_1_742' title='bbox 1029 2532 1039 2548; x_wconf 80' lang='lat'><strong>³</strong></span> <span class='ocrx_word' id='word_1_743' title='bbox 1056 2531 1169 2555; x_wconf 82' lang='lat' dir='ltr'>Laertius</span> <span class='ocrx_word' id='word_1_744' title='bbox 1184 2532 1210 2555; x_wconf 90' lang='lat' dir='ltr'>iu</span> <span class='ocrx_word' id='word_1_745' title='bbox 1226 2533 1335 2560; x_wconf 68' lang='lat' dir='ltr'>Socrate,</span> <span class='ocrx_word' id='word_1_746' title='bbox 1350 2530 1374 2554; x_wconf 92' lang='lat' dir='ltr'>iu</span> <span class='ocrx_word' id='word_1_747' title='bbox 1388 2531 1452 2560; x_wconf 86' lang='lat' dir='ltr'>tine,</span> <span class='ocrx_word' id='word_1_748' title='bbox 1469 2537 1499 2553; x_wconf 73' lang='lat' dir='ltr'>ex</span> <span class='ocrx_word' id='word_1_749' title='bbox 1515 2529 1693 2560; x_wconf 84' lang='lat' dir='ltr'>Xenophontis</span> <span class='ocrx_word' id='word_1_750' title='bbox 1707 2536 1766 2553; x_wconf 82' lang='lat' dir='ltr'>auc-</span> 
     </span>
     <span class='ocr_line' id='line_1_103' title="bbox 986 2567 1415 2595; baseline -0.005 -4"><span class='ocrx_word' id='word_1_751' title='bbox 986 2568 1085 2592; x_wconf 82' lang='lat' dir='ltr'>toritate</span> <span class='ocrx_word' id='word_1_752' title='bbox 1108 2568 1131 2591; x_wconf 84' lang='lat' dir='ltr'>id</span> <span class='ocrx_word' id='word_1_753' title='bbox 1148 2567 1246 2591; x_wconf 81' lang='lat' dir='ltr'>asserit.</span> <span class='ocrx_word' id='word_1_754' title='bbox 1268 2580 1294 2583; x_wconf 92' lang='lat'>-—</span> <span class='ocrx_word' id='word_1_755' title='bbox 1314 2567 1324 2583; x_wconf 62' lang='lat'>⁶</span> <span class='ocrx_word' id='word_1_756' title='bbox 1341 2568 1415 2595; x_wconf 58' lang='lat' dir='ltr'>Aug„</span> 
     </span>
     <span class='ocr_line' id='line_1_104' title="bbox 985 2602 1765 2634; baseline -0.003 -7"><span class='ocrx_word' id='word_1_757' title='bbox 985 2611 1006 2627; x_wconf 87' lang='lat' dir='ltr'>c.</span> <span class='ocrx_word' id='word_1_758' title='bbox 1022 2605 1049 2633; x_wconf 80' lang='lat'>2,</span> <span class='ocrx_word' id='word_1_759' title='bbox 1070 2603 1189 2634; x_wconf 84' lang='lat' dir='ltr'>inquiunt</span> <span class='ocrx_word' id='word_1_760' title='bbox 1211 2603 1327 2627; x_wconf 70' lang='lat' dir='ltr'>Editores</span> <span class='ocrx_word' id='word_1_761' title='bbox 1346 2602 1524 2632; x_wconf 61' lang='lat' dir='ltr'>Romaunsed</span> <span class='ocrx_word' id='word_1_762' title='bbox 1536 2609 1589 2625; x_wconf 87' lang='lat' dir='ltr'>non</span> <span class='ocrx_word' id='word_1_763' title='bbox 1605 2602 1676 2632; x_wconf 84' lang='lat' dir='ltr'>potui</span> <span class='ocrx_word' id='word_1_764' title='bbox 1690 2608 1765 2632; x_wconf 83' lang='lat' dir='ltr'>repe-</span> 
     </span>
     <span class='ocr_line' id='line_1_105' title="bbox 986 2640 1147 2664; baseline 0 -1"><span class='ocrx_word' id='word_1_765' title='bbox 986 2640 1034 2664; x_wconf 75' lang='lat' dir='ltr'>rire</span> <span class='ocrx_word' id='word_1_766' title='bbox 1053 2640 1147 2664; x_wconf 74' lang='lat' dir='ltr'>locuni.</span> 
     </span>
    </p>

    <p class='ocr_par' dir='ltr' id='par_1_12' title="bbox 1019 2681 1747 2713">
     <span class='ocr_line' id='line_1_106' title="bbox 1019 2681 1747 2713; baseline 0.001 -9"><span class='ocrx_word' id='word_1_767' title='bbox 1019 2683 1050 2713; x_wconf 70' lang='lat' dir='ltr'>(a)</span> <span class='ocrx_word' id='word_1_768' title='bbox 1068 2683 1139 2713; x_wconf 58' lang='grc' dir='ltr'><em>Γαίῃ.</em></span> <span class='ocrx_word' id='word_1_769' title='bbox 1156 2684 1213 2707; x_wconf 74' lang='lat' dir='ltr'>ante</span> <span class='ocrx_word' id='word_1_770' title='bbox 1227 2684 1346 2707; x_wconf 72' lang='lat' dir='ltr'>mortem.</span> <span class='ocrx_word' id='word_1_771' title='bbox 1360 2695 1389 2700; x_wconf 90' lang='lat'>—-</span> <span class='ocrx_word' id='word_1_772' title='bbox 1406 2681 1440 2712; x_wconf 79' lang='lat' dir='ltr'>(b)</span> <span class='ocrx_word' id='word_1_773' title='bbox 1457 2682 1516 2707; x_wconf 65' lang='lat' dir='ltr'>Coet.</span> <span class='ocrx_word' id='word_1_774' title='bbox 1534 2681 1593 2705; x_wconf 69' lang='lat' dir='ltr'>edil.</span> <span class='ocrx_word' id='word_1_775' title='bbox 1605 2681 1747 2705; x_wconf 69' lang='lat' dir='ltr'>innoxium.</span> 
     </span>
    </p>
   </div>
   <div class='ocr_carea' id='block_1_9' title="bbox 1435 2565 1775 2595">
    <p class='ocr_par' dir='ltr' id='par_1_13' title="bbox 1435 2565 1775 2595">
     <span class='ocr_line' id='line_1_107' title="bbox 1435 2565 1775 2595; baseline -0.003 -6"><span class='ocrx_word' id='word_1_776' title='bbox 1435 2566 1464 2589; x_wconf 79' lang='lat' dir='ltr'>[Ie</span> <span class='ocrx_word' id='word_1_777' title='bbox 1483 2566 1560 2590; x_wconf 79' lang='lat' dir='ltr'>Cz&#39;vit.</span> <span class='ocrx_word' id='word_1_778' title='bbox 1583 2566 1645 2595; x_wconf 76' lang='lat' dir='ltr'>Dei,</span> <span class='ocrx_word' id='word_1_779' title='bbox 1670 2565 1712 2589; x_wconf 90' lang='lat' dir='ltr'>lib.</span> <span class='ocrx_word' id='word_1_780' title='bbox 1740 2567 1775 2595; x_wconf 66' lang='lat'>2‚,</span> 
     </span>
    </p>
   </div>
   <div class='ocr_carea' id='block_1_10' title="bbox 1808 410 1887 429">
    <p class='ocr_par' dir='ltr' id='par_1_14' title="bbox 1808 410 1887 429">
     <span class='ocr_line' id='line_1_108' title="bbox 1808 410 1887 429; baseline 0 0"><span class='ocrx_word' id='word_1_781' title='bbox 1808 410 1887 429; x_wconf 77' lang='lat' dir='ltr'>Exem-</span> 
     </span>
    </p>
   </div>
   <div class='ocr_carea' id='block_1_11' title="bbox 1778 441 1849 468">
    <p class='ocr_par' dir='ltr' id='par_1_15' title="bbox 1778 441 1849 468">
     <span class='ocr_line' id='line_1_109' title="bbox 1778 441 1849 468; baseline -0.014 -7"><span class='ocrx_word' id='word_1_782' title='bbox 1778 441 1849 468; x_wconf 81' lang='lat' dir='ltr'>plum.</span> 
     </span>
    </p>
   </div>
  </div>
 </body>
</html>
