2029 3052
275 205 334 236 336

274 269 445 309 daemonia,
462 271 593 302 sanabat
614 272 771 311 infirmos,
791 273 823 303 et
836 272 923 312 quod
943 270 1051 310 majus

274 325 332 362 est,
350 323 399 354 sui
410 325 565 356 sermonis
575 325 714 357 efficacia
723 325 955 357 obstinatorum
963 332 1052 355 men-

274 377 322 408 tes
335 377 374 409 ad
388 378 609 418 poenitentiam
629 379 800 419 molliebat,
825 380 986 420 simulque
1001 387 1052 409 sa-

275 430 407 462 nitatem
432 431 620 472 corporibus
645 432 796 464 reddebat
823 435 854 464 et
885 431 1050 469 cordibus,

275 485 357 515 sicut
366 485 473 525 aliqua
483 485 693 526 comprobant
702 495 838 526 operum
853 488 934 527 ejus,
948 494 1054 517 exem-

275 537 319 578 pli
335 538 451 577 gratia,
468 538 600 570 inferius
617 540 808 571 annotanda.

317 590 354 621 ln
377 591 504 623 civitate
532 591 717 624 Tuscanella
740 603 760 624 a
783 594 884 625 milite
913 592 1053 633 quodam

275 643 413 684 hospitio
427 645 539 677 devote
560 649 738 687 susceptus,
761 647 864 678 filium
885 647 957 687 ejus
979 645 1052 676 uni-

277 706 352 728 cum
377 707 397 729 a
420 699 584 730 nativitate
608 702 822 739 contractum,
847 700 888 731 ad
919 698 1052 730 multam

276 751 377 791 ipsius
391 752 587 793 instantiam,
605 763 705 785 manu
720 755 873 793 allevanS,
889 754 934 785 sic
948 753 1053 785 subito

276 804 472 837 incolumem
489 807 641 845 reddidit,
662 809 699 838 ut
718 807 903 839 videntibus
918 806 1051 845 cunctis,

275 858 421 898 protinus
459 860 734 892 consolidarentur
769 861 878 892 omnia
912 860 1054 900 corporis

277 912 437 951 membra,
456 915 487 944 et
512 923 602 954 puer,
623 923 721 946 sanus
740 914 872 946 effectus
891 915 923 945 et
946 913 1052 952 fortis,

276 966 439 997 confestim
456 969 630 1007 exurgeret
647 967 828 1006 ambulans,
852 969 884 998 et
907 966 1052 1004 exiliens,

276 1021 307 1051 et
320 1019 455 1051 laudans
467 1020 581 1052 Deum.

317 1073 353 1105 In
377 1074 504 1106 civitate
530 1074 718 1114 Narniensi,
743 1084 817 1106 cum
843 1074 1054 1115 paralyticum

276 1128 461 1168 quemdam,
473 1130 694 1160 membrorum
711 1130 857 1160 omnium
868 1129 1055 1160 destitutum

277 1181 392 1221 officio,
410 1182 504 1222 signo
519 1183 622 1213 crucis
637 1193 656 1213 a
669 1183 770 1223 capite
784 1192 886 1223 usque
901 1182 941 1214 ad
961 1181 1056 1222 pedes

278 1235 317 1265 ad
342 1236 527 1267 instantiam
549 1237 708 1276 signasset
731 1236 895 1277 Episcopi,
921 1236 1056 1276 perfecte

279 1289 419 1320 restituit
435 1290 572 1321 sanitati.

320 1342 354 1373 ln
378 1343 560 1384 episcopatu
590 1343 719 1375 Reatino
748 1353 828 1384 puer
854 1343 985 1383 quidam
1012 1343 1057 1373 sic

278 1397 428 1436 turgidus
451 1406 469 1427 a
495 1399 633 1436 quatuor
657 1397 765 1435 annis,
793 1403 826 1428 ut
851 1396 938 1427 nullo
963 1397 1056 1427 modo

279 1450 408 1490 propria
429 1459 523 1481 crura
538 1459 666 1481 cernere
688 1453 804 1491 posset,
827 1460 845 1481 a
863 1452 964 1481 matre
982 1459 1056 1481 cum

278 1504 427 1545 lacrymis
449 1507 661 1545 praesentatus
681 1505 796 1542 eidem,
821 1504 926 1534 statim
949 1506 984 1534 ut
1008 1504 1058 1534 vir

280 1560 408 1590 sanctus
423 1559 528 1598 tetigit
548 1568 621 1589 eum
637 1559 787 1589 manibus
801 1558 909 1596 sacriS,
935 1557 1056 1588 incolu-

280 1613 341 1643 mis
356 1614 404 1643 est
416 1613 557 1643 effectus.

320 1666 414 1706 Apud
437 1666 595 1696 civitatem
617 1665 780 1696 Ortensem
803 1674 883 1705 puer
905 1673 990 1695 unus
1015 1664 1058 1695 ita

279 1721 553 1760 conglomeratus,
581 1722 616 1750 ut
637 1722 733 1759 caput
761 1719 893 1759 pedibus
918 1720 1058 1758 portaret

280 1775 478 1815 applicitum,
502 1776 532 1805 et
555 1774 686 1804 haberet
709 1782 780 1804 ossa
801 1772 957 1803 nonnulla
978 1781 1058 1803 con-

280 1828 389 1866 fracta,
413 1827 507 1866 signo
529 1827 631 1858 crucis
650 1827 689 1857 ad
707 1828 874 1867 parentum
898 1825 1057 1865 lacryma—

280 1881 359 1912 biles
375 1890 482 1921 preces
497 1881 537 1911 al»
561 1880 672 1911 eodem
692 1881 850 1919 suscepto,
873 1879 978 1910 subito
1005 1888 1059 1910 ex-

282 1937 393 1966 tensus
407 1934 521 1972 extitit,
536 1936 567 1965 et
577 1934 660 1965 illico
672 1934 835 1964 liberatus.

322 1988 435 2019 Mulier
455 1988 602 2028 quaedam
625 1987 761 2018 civitatis
786 1986 925 2025 Eugubii
948 1986 1058 2016 ambas

281 2044 458 2073 contractas
472 2043 503 2072 et
517 2041 621 2072 aridas
640 2040 761 2071 habens
777 2049 902 2077 manuS,
924 2039 1002 2069 adeo
1024 2042 1059 2070 ut

282 2095 361 2126 nihil
375 2104 430 2135 per
451 2095 519 2125 illas
541 2094 665 2134 operari
690 2094 821 2131 valeret,
841 2093 934 2132 siguo
955 2093 1058 2123 crucis

282 2149 322 2179 ab
338 2148 449 2179 eodem
466 2149 498 2178 in
519 2148 648 2178 nomine
663 2146 788 2177 Domini
803 2146 861 2176 sibi
882 2146 975 2183 sacto,
992 2148 1057 2176 tam

282 2202 451 2242 perfectam
471 2201 608 2231 obtinuit
629 2200 824 2240 sospitatem,
847 2199 931 2239 quod
952 2199 1057 2230 statim

281 2255 406 2286 rediens
426 2255 570 2292 domum,
596 2254 680 2284 cibos
703 2254 734 2283 in
756 2253 970 2283 ministerium
991 2253 1058 2291 ejus

282 2311 312 2339 et
326 2317 520 2348 pauperum,
541 2308 631 2347 quasi
657 2307 755 2338 altera
775 2315 884 2337 socrus
907 2306 1056 2344 Simonis,

282 2362 418 2402 propriis
432 2361 580 2391 manilius
596 2362 800 2400 praepararet.

323 2415 441 2446 Puellae
449 2414 574 2445 cuidam
585 2413 617 2443 in
628 2415 730 2443 castro
740 2413 880 2450 Bevanii,
890 2412 1057 2443 oculorum

281 2469 414 2509 privatae
439 2467 633 2505 luminibus,
657 2475 730 2497 cum
752 2467 784 2496 in
809 2465 971 2496 Trinitatis
999 2474 1058 2496 no-

284 2523 369 2553 mine
385 2524 478 2562 sputo
493 2530 550 2551 suo
571 2523 617 2550 ter
637 2519 735 2559 ipsius
757 2519 864 2549 oculos
886 2518 1056 2557 linivisset,

282 2576 392 2606 lumen
407 2574 612 2613 concupitum
627 2572 775 2603 restituit.

323 2628 436 2659 Mulier
446 2627 592 2667 quaedam
603 2626 740 2657 civitatis
756 2625 780 2655 N
784 2625 875 2662 arnii,
892 2624 1057 2655 oculorum

283 2682 421 2713 caecitate
450 2689 614 2719 percussa,
645 2680 775 2718 signum
807 2679 910 2709 crucis
940 2678 980 2708 ab
1004 2686 1057 2708 eo-

840 202 1028 237 LEGENDA
1048 201 1081 233 S.
1105 199 1322 232 FRANGISCI.

1108 267 1181 299 dem
1197 267 1384 308 suscipienS,
1399 267 1504 299 lucem
1517 270 1719 310 recuperavit
1729 272 1881 312 optatam.

1149 321 1303 352 Bononiae
1326 330 1406 361 puer
1429 322 1559 362 quidam
1588 332 1694 354 unum
1718 325 1884 358 oculorum

1109 375 1237 406 macula
1262 375 1341 406 adeo
1370 375 1493 406 habens
1521 376 1703 416 obtectum,
1735 380 1773 409 ut
1804 379 1886 411 nihil

1108 437 1240 468 prorsus
1257 429 1365 460 videre
1379 432 1495 469 posset,
1517 439 1575 460 nec
1588 429 1696 471 aliquo
1711 432 1822 471 juvari
1835 441 1886 464 re-

1109 482 1228 520 medio,
1249 483 1319 522 post
1340 481 1473 521 signum
1495 483 1597 514 crucis
1619 493 1640 514 a
1659 485 1760 525 capite
1786 495 1888 526 usque

1109 535 1150 566 ad
1170 534 1265 575 pedes
1286 544 1342 575 per
1363 544 1495 567 servum
1515 535 1640 568 Domini
1663 538 1723 569 sibi
1747 539 1885 577 factum,

1110 587 1218 619 visum
1235 589 1436 629 recuperavit
1451 591 1516 620 tam
1534 589 1722 631 limpidum,
1742 594 1780 623 ut
1802 594 1886 633 post-

1110 641 1243 673 modum
1280 641 1430 674 Fratrum
1466 643 1627 675 Minorum
1659 645 1804 676 ordinem
1835 645 1886 677 in-

1110 704 1258 734 gressuS,
1281 705 1315 727 se
1339 696 1434 736 longe
1456 697 1574 728 clarius
1598 698 1707 730 videre
1734 701 1889 730 assereret

1111 748 1150 779 de
1164 749 1256 780 oculo
1271 749 1361 790 prius
1375 750 1516 789 infirmo,
1533 761 1630 792 quam
1648 752 1687 784 de
1700 753 1792 784 oculo
1809 762 1890 785 sem-

1112 811 1169 842 per
1183 811 1272 834 sano.

1152 855 1187 887 In
1201 858 1304 888 castro
1321 856 1426 889 Sancti
1442 857 1566 889 Gemini
1582 867 1694 891 servus
1708 859 1763 890 Dei
1776 869 1795 890 a
1813 868 1890 900 quo-

1111 909 1184 940 dam
1203 910 1318 942 devoto
1342 911 1411 942 viro
1433 913 1599 952 susceptus
1619 912 1774 959 hospitio,
1797 914 1890 953 cujus

1110 972 1194 994 uxor
1213 974 1232 994 a
1247 963 1407 995 daemonio
1421 965 1610 1003 vexabatur,
1626 967 1696 1006 post
1711 966 1888 997 orationem

1111 1016 1237 1055 factam,
1254 1017 1287 1047 in
1302 1017 1420 1048 virtute
1434 1018 1623 1050 obedientiae
1639 1019 1807 1059 imperavit
1827 1020 1891 1051 dae-

1111 1070 1199 1101 moni
1215 1072 1249 1101 ut
1259 1071 1370 1109 exiret,
1385 1080 1526 1112 eumque
1537 1074 1690 1112 potestate
1700 1073 1812 1104 divina
1822 1075 1889 1104 tam

1112 1124 1217 1156 subito
1240 1124 1411 1164 effugavit,
1442 1127 1478 1156 ut
1499 1134 1574 1157 vere
1593 1126 1780 1157 claresceret.
1804 1126 1890 1167 quod

1112 1178 1300 1209 obedientiae
1319 1181 1434 1210 sanctae
1455 1179 1565 1210 virtuti
1580 1180 1757 1220 pervicacia
1769 1180 1888 1212 daemo-

1113 1241 1192 1263 num
1205 1241 1271 1262 non
1285 1232 1429 1263 obsistat.

1154 1285 1190 1316 In
1205 1286 1331 1316 civitate
1343 1286 1381 1316 de
1396 1285 1539 1323 Castello,
1553 1286 1684 1326 quidam
1697 1287 1890 1318 furibundus

1112 1342 1144 1370 et
1163 1348 1303 1379 nequam
1318 1339 1448 1379 spiritus
1464 1339 1636 1379 quamdam
1653 1340 1800 1371 obsidens
1820 1350 1890 1372 mu—

1113 1392 1242 1430 lierem,
1267 1402 1285 1423 a
1304 1393 1375 1423 viro
1406 1395 1513 1424 sancto
1538 1393 1726 1424 obedientiae
1762 1396 1890 1434 accepto

1114 1446 1282 1485 mandato,
1314 1446 1577 1486 indignabundus
1600 1447 1760 1485 discessit,
1785 1449 1892 1479 mente

1114 1499 1254 1531 simulet
1281 1509 1412 1540 corpore
1435 1500 1581 1538 liberam,
1607 1501 1767 1532 obsessam
1790 1501 1890 1541 prius,

1114 1554 1277 1584 foeminam
1294 1553 1528 1594 derelinquens

1155 1607 1263 1638 Frater
1284 1607 1414 1647 quidam
1441 1607 1626 1638 infirmitate
1653 1610 1718 1638 tam
1744 1607 1889 1638 horribili

1113 1661 1320 1699 gravabatur,
1339 1663 1372 1691 ut
1384 1661 1488 1700 magis
1503 1670 1569 1691 csse
1583 1661 1710 1692 vexatio
1720 1661 1888 1700 doemonis,

1113 1724 1211 1754 quam
1226 1714 1379 1744 naturalis
1395 1714 1574 1751 infirmitas,
1591 1724 1609 1744 a
1623 1714 1769 1754 plurIbus
1785 1715 1890 1745 firma-

1113 1770 1213 1798 retur.
1231 1766 1310 1798 Nam
1326 1770 1411 1798 totus
1432 1777 1516 1808 saepe
1531 1768 1729 1806 allidebatur,
1751 1770 1783 1798 et
1797 1768 1888 1799 volu-

1114 1821 1240 1852 tabatur
1262 1830 1432 1861 spumans,
1458 1822 1612 1852 membris
1638 1821 1780 1861 corporis
1805 1830 1891 1852 nunc

1114 1875 1293 1912 contractis,
1304 1884 1390 1906 nunc
1402 1875 1550 1913 extensis,
1563 1885 1649 1906 nunc
1662 1874 1792 1915 plicatis,
1805 1883 1891 1905 nunc

1114 1928 1215 1966 tortis,
1234 1938 1318 1959 nunc
1338 1929 1450 1968 rigidis
1471 1929 1590 1959 ellectis
1613 1931 1643 1959 et
1659 1928 1758 1959 duris.
1784 1928 1890 1965 Quan-

1113 1982 1217 2021 doque
1240 1984 1326 2012 totus
1352 1984 1502 2012 extensus
1527 1985 1558 2012 et
1582 1982 1724 2021 rigidus,
1758 1981 1890 2021 pedibus

1114 2036 1248 2074 aequatis
1263 2035 1356 2075 capiti
1381 2035 1546 2066 levabatur
1567 2035 1601 2065 in
1623 2035 1734 2073 altum,
1757 2033 1890 2065 horribi-

1113 2088 1184 2118 liter
1210 2088 1291 2118 illico
1316 2088 1511 2128 relapsurus.
1538 2088 1629 2119 llunc
1653 2088 1696 2118 sic
1726 2087 1891 2118 miserabi-

1114 2142 1185 2172 liter
1199 2144 1229 2172 et
1243 2141 1517 2172 irremediabiliter
1541 2143 1752 2181 aegrotantem
1777 2141 1890 2181 plenus

1115 2195 1331 2226 misericordia
1355 2194 1470 2225 Christi
1498 2204 1609 2226 servus
1643 2195 1888 2232 commiserans,

1114 2249 1288 2280 buccellam
1301 2248 1359 2279 sibi
1371 2248 1472 2288 panis,
1484 2248 1522 2279 de
1532 2257 1595 2288 quo
1610 2248 1732 2285 edebat,
1746 2247 1891 2278 transmi-

1115 2303 1165 2333 sit.
1195 2301 1328 2332 Tantam
1359 2310 1435 2332 vero
1462 2304 1612 2341 gustatus
1641 2301 1730 2342 panis
1758 2299 1890 2332 contulit

1114 2364 1203 2394 aegro
1218 2356 1381 2392 virtutem,
1398 2357 1433 2386 ut
1447 2355 1594 2395 deinceps
1606 2355 1707 2395 hujus
1727 2353 1890 2385 infirmita-

1114 2409 1153 2439 tis
1169 2408 1345 2439 molestiam
1361 2417 1424 2439 non
1434 2409 1574 2439 sentiret.

1156 2462 1191 2492 In
1202 2461 1352 2492 comitatu
1372 2461 1484 2499 Aretii,
1507 2471 1581 2492 cum
1605 2461 1716 2492 diebus
1743 2459 1888 2499 pluribus

1115 2516 1230 2546 mulier
1238 2515 1386 2555 quaedam
1398 2515 1569 2546 laborasset
1580 2515 1613 2544 in
1626 2516 1731 2554 partu,
1746 2515 1889 2552 essetque

1111 2570 1179 2609 jam
1195 2569 1343 2609 proxima
1357 2569 1464 2605 morti,
1482 2568 1606 2598 nullum
1627 2567 1758 2598 omnino
1778 2566 1887 2605 despe-

1115 2623 1198 2654 ranti
1211 2622 1249 2653 de
1268 2622 1333 2653 vita
1348 2623 1511 2661 supererat
1527 2621 1716 2659 remedium,
1737 2620 1798 2651 nisi
1822 2619 1885 2649 Dei.

1115 2677 1194 2707 Cum
1218 2678 1324 2706 autem
1349 2684 1430 2714 equo
1456 2676 1575 2712 vectus,
1602 2677 1729 2714 propter
1747 2672 1888 2713 corporis
