2029 3052
898 221 1027 254 CAPUT
1049 223 1116 255 Xll.

242 293 313 324 Alio
328 301 456 333 quoque
471 294 613 334 tempore
627 293 762 334 contigit
776 293 854 325 duos
867 292 979 324 fratres

201 347 241 379 ad
260 347 488 379 Eremitorium
511 347 614 380 Grecii
638 348 676 380 de
696 348 828 380 remotis
852 347 976 385 venire,

200 403 237 433 ut
260 401 366 434 virum
391 400 446 433 Dei
468 404 646 441 cernerent,
670 404 702 433 et
724 401 978 433 benedictionem

200 454 302 486 multo
313 455 522 487 desideratam
533 457 603 496 ¹jam
611 457 754 497 tempore
766 456 976 496 reportarent.

200 508 368 541 Venientes
388 511 507 548 autem,
531 511 562 540 et
586 518 652 541 non
674 509 884 546 invenientes,
901 507 978 548 quia

199 562 238 594 de
254 561 382 602 publico
394 563 463 602 jam
483 562 522 594 ad
543 562 655 594 cellam
671 563 820 600 redierat,
846 561 978 594 desolati

200 615 339 647 abibant.
363 615 402 647 Et
415 624 486 647 ecce
501 616 721 648 recedentibus
743 616 820 654 illis,
843 624 917 647 cum
940 614 978 646 de

199 669 343 710 ipsorum
363 668 516 709 adventu,
537 670 588 702 vel
608 679 744 710 recessu,
768 670 851 701 nihil
866 678 979 700 secun-

199 723 276 755 dum
291 724 471 756 humanum
486 733 616 756 sensum
633 725 793 765 percipere
810 723 976 765 potuisset,

197 779 316 818 praeter
343 778 472 810 solitum
504 788 627 810 morem
655 788 806 818 egressus
831 788 848 809 e
875 777 954 809 cella
966 801 975 816 ,

198 831 348 864 clamavit
376 834 447 872 post
470 841 538 870 eos,
564 834 595 864 et
614 833 710 872 juxta
740 831 823 873 quod
845 832 975 871 optave-

154 921 157 924 ,
196 887 281 923 rant,
297 885 390 925 signo
411 886 515 918 crucis
536 886 628 924 facto,
651 886 685 917 in
706 885 822 917 Christi
846 885 978 916 nomine

199 938 371 970 benedixit.

238 992 308 1023 Duo
322 992 434 1024 fratres
451 995 611 1026 venerunt
629 994 800 1034 aliquando
821 993 859 1024 de
878 992 977 1024 Terra

197 1045 339 1086 Laboris,
356 1056 494 1087 quorum
508 1047 671 1088 antiquior
691 1047 846 1079 nonnulla
870 1046 978 1078 intulit

197 1101 345 1132 scandala
364 1101 497 1141 Juniori.
523 1101 602 1132 Cum
624 1103 731 1133 autem
758 1101 977 1141 pervenissent

196 1154 236 1185 ad
251 1153 389 1193 Patrem,
412 1154 560 1195 quaesivit
581 1155 633 1186 ille
654 1165 673 1186 a
693 1154 815 1195 juniori
839 1153 976 1194 qualiter

195 1217 276 1247 erga
287 1208 393 1248 ipsum
404 1217 437 1239 se
450 1208 564 1239 fratrer
574 1209 678 1240 socius
688 1208 851 1239 habuisset
864 1208 897 1238 in
912 1207 975 1239 via.

196 1259 265 1298 Quo
286 1261 497 1301 respondente
520 1272 526 1293 :
551 1262 667 1302 Utique
686 1262 761 1292 satis
782 1262 880 1299 bene;
906 1261 978 1292 sub-

193 1314 302 1354 junxit
320 1326 326 1346 :
344 1314 436 1354 Cave,
453 1315 561 1353 frater,
576 1325 616 1347 ne
633 1316 692 1346 sub
708 1315 899 1346 humilitatis
911 1324 978 1355 spe-

195 1367 242 1398 cie
253 1368 426 1407 mentiaris,
434 1369 498 1400 scio
508 1369 605 1408 enim,
613 1370 677 1400 scio
688 1381 695 1408 ;
705 1369 758 1400 sed
768 1370 900 1409 expecta
907 1377 976 1399 mo-

196 1421 315 1460 dicum,
334 1424 364 1452 et
378 1422 513 1454 videbis.
532 1422 665 1454 Miratus
680 1425 727 1454 est
743 1422 976 1463 perplurimum

199 1475 305 1514 frater,
320 1476 481 1515 quomodo
496 1478 562 1507 tam
586 1476 727 1507 absentia
750 1486 807 1516 per
828 1476 977 1516 spiritum

196 1529 409 1568 cognovisset.
436 1529 541 1568 Igitur
567 1538 633 1560 non
656 1531 727 1569 post
753 1529 872 1560 multos
893 1529 975 1567 dies,

197 1584 378 1622 contempta
402 1581 587 1622 Religione,
611 1583 695 1613 foras
724 1583 890 1622 egreditur
920 1582 977 1622 qui

196 1635 383 1666 scandalum
398 1636 514 1667 fecerat
528 1636 631 1674 fratri,
648 1637 678 1667 et
695 1645 714 1666 a
735 1636 828 1667 Patre
843 1645 907 1667 non
922 1645 977 1676 pe-

196 1688 288 1719 tierat
304 1689 444 1728 veniam,
468 1699 527 1720 nec
542 1690 745 1721 correctionis
767 1690 906 1721 debitam
930 1699 978 1721 re-

195 1744 320 1782 ceperat
349 1742 565 1783 disciplinam3
589 1743 751 1783 simulque
770 1744 834 1774 duo
856 1744 888 1774 in
913 1753 977 1775 una

196 1796 282 1827 illius
297 1797 440 1828 claruere
451 1798 562 1828 ruina:
577 1798 712 1837 aequitas
726 1798 844 1828 scilicet
857 1798 976 1829 divinae

194 1850 342 1889 justitiae,
361 1853 392 1881 et
405 1851 628 1891 perspicacitas
644 1851 774 1890 spiritus
787 1851 974 1891 prophetiae.

198 1903 339 1941 Qualiter
364 1907 471 1936 autem
503 1905 688 1936 absentibus
719 1914 751 1935 se
783 1907 976 1944 praesentem

197 1958 344 1989 exhibuit
369 1958 478 1990 divina
500 1958 633 1989 faciente
657 1958 787 1996 virtute,
813 1958 977 1989 evidenter

196 2020 237 2042 ex
254 2012 472 2052 superioribus
492 2012 670 2050 innotescit,
694 2012 721 2042 si
746 2014 913 2043 revocetur
936 2012 977 2043 ad

198 2067 350 2104 mentem,
369 2066 506 2106 qualiter
521 2066 635 2097 absens
644 2066 678 2096 in
693 2075 791 2096 curru
807 2065 906 2105 igneo
916 2066 976 2096 fra-

196 2118 298 2149 tribus
313 2120 563 2159 transfiguratus
583 2119 739 2159 apparuit,
763 2121 794 2150 et
815 2119 976 2159 quomodo

197 2180 230 2202 se
246 2172 421 2203 Arelatensi
438 2172 581 2213 Capitulo
604 2173 637 2203 in
652 2173 754 2204 crucis
769 2173 818 2204 effi
825 2173 877 2212 gie
893 2183 976 2213 prae-

198 2225 344 2256 sentavit.
366 2224 456 2261 Quod
479 2226 597 2257 factum
618 2235 685 2257 esse
707 2226 817 2257 divina
838 2227 974 2267 disposi-

198 2277 283 2308 tione
295 2278 488 2309 credendum
509 2281 567 2315 est,
591 2281 627 2310 ut
648 2289 687 2310 ex
710 2280 888 2319 praesentiae
904 2289 973 2311 cor-

197 2331 315 2370 poralis
330 2331 527 2370 apparitione
542 2332 680 2363 mirabili
701 2335 845 2372 patenter
860 2334 976 2364 clares-

196 2386 298 2423 ceret,
327 2394 424 2424 quam
458 2394 598 2424 praesens
626 2388 657 2416 et
685 2387 816 2426 pervius
845 2387 976 2427 spiritus

197 2439 268 2477 ejus
282 2437 345 2468 luci
360 2438 525 2478 sapientiae
540 2439 620 2469 foret
643 2441 783 2477 aeternae,
800 2449 873 2480 quae
887 2442 894 2457 ¹
911 2448 976 2472 om-

199 2491 295 2523 nibus
310 2491 478 2523 mobilibus
493 2492 639 2524 mobilior
663 2496 719 2531 esi,
746 2496 774 2525 et
790 2493 903 2533 ubique
927 2498 975 2527 at-

199 2545 322 2584 tingens
335 2548 462 2584 propter
474 2546 528 2577 sui
537 2545 747 2584 munditiam,
760 2555 818 2586 per
828 2548 976 2580 nationes

200 2598 237 2629 in
254 2599 382 2630 animas
397 2602 526 2631 sanctas
540 2607 572 2631 se
592 2600 757 2638 transfert,
775 2603 805 2632 ei
818 2601 879 2632 Dei
893 2603 975 2633 ami-

201 2659 263 2689 cos,
280 2655 308 2683 et
322 2652 492 2692 prophetas
515 2653 695 2686 constituit.
722 2653 925 2693 Simplicibus
946 2658 977 2686 et

234 2713 240 2729 ¹
256 2713 327 2744 Sap„
342 2720 388 2744 vn,
404 2716 443 2745 24,
459 2716 496 2739 27.

1755 232 1814 263 333

1035 295 1179 334 parvulis
1196 303 1255 326 sua
1269 295 1348 326 solet
1363 294 1501 335 pandere
1524 295 1676 335 mysteria
1700 296 1812 329 Doctor

1034 349 1190 388 excelsus,
1205 349 1287 380 sicut
1301 349 1390 389 prius
1404 348 1552 389 apparuit
1570 349 1604 380 in
1624 349 1722 382 David
1738 360 1811 392 pro-

1034 401 1205 442 phetarum
1233 402 1368 439 eximio,
1393 403 1424 433 et
1448 403 1515 442 post
1538 402 1572 433 in
1595 404 1812 443 apostolorum

1035 455 1177 495 principe
1202 455 1294 487 Petro
1306 479 1315 494 ,
1343 457 1374 486 et
1397 455 1527 487 tandem
1555 455 1588 486 in
1616 458 1811 497 pauperculo

1034 508 1146 539 Christi
1161 509 1184 540 F
1187 509 1339 540 rancisco.
1358 509 1397 539 lli
1412 509 1498 540 enim
1513 519 1588 540 cum
1602 512 1707 542 essent
1725 512 1811 544 litte-

1033 571 1143 593 rarum
1158 562 1316 602 imperitia
1332 562 1502 603 simplices,
1525 563 1597 594 facti
1613 566 1688 595 sunt
1711 566 1811 597 sancti

1034 613 1173 655 Spiritus
1186 615 1363 647 eruditione
1378 615 1516 647 illustres
1532 627 1538 647 ε
1556 616 1582 647 is
1597 617 1725 657 quidem
1739 627 1811 658 pas-

1033 670 1094 707 tor,
1101 671 1138 700 ut
1144 678 1282 709 gregem
1291 669 1624 710 pasceretSynagogae
1631 671 1668 702 de
1674 671 1813 713 AEgypto

1033 723 1201 761 eductum;
1215 723 1267 754 ille
1286 723 1431 764 piscator,
1451 725 1486 754 ut
1503 733 1657 763 sagenam
1678 725 1814 766 repleret

1034 777 1179 808 Ecclesiae
1194 777 1448 808 multiformitate
1461 777 1675 817 credentium3
1689 779 1740 810 hic
1754 789 1812 811 au-

1033 832 1098 862 tem
1111 830 1303 870 negotiator,
1316 832 1352 861 ut
1364 823 1573 870 margaritam
1586 827 1707 863 emeret
1719 842 1814 864 evan-

1034 884 1146 923 gelicae
1166 884 1263 922 vitae,
1277 884 1414 916 venditis
1436 886 1466 916 et
1490 885 1640 925 dispersis
1662 887 1813 918 omnibus

1032 939 1161 978 propter
1174 937 1346 970 Christum.

1302 1049 1446 1083 CAPUT
1470 1049 1544 1083 XII.

1064 1131 1101 1156 De
1120 1131 1237 1163 efficacia
1255 1131 1441 1165 praedicandi,
1462 1134 1487 1159 et
1507 1132 1602 1166 qratia
1621 1133 1781 1160 sanitatum.

1073 1208 1187 1240 Fidelis
1201 1219 1314 1241 revera
1334 1210 1474 1241 famulus
1489 1212 1520 1241 et
1537 1210 1682 1241 minister
1697 1210 1812 1242 Christi

1034 1263 1240 1302 Franciscus,
1262 1266 1298 1294 ut
1325 1266 1438 1295 cuncta
1468 1264 1603 1295 fideliter
1625 1266 1656 1295 et
1678 1266 1813 1305 perfecte

1034 1318 1212 1356 perageret,
1228 1317 1291 1347 illis
1306 1317 1467 1357 potissime
1480 1318 1639 1349 virtutum
1655 1319 1813 1350 exercitiis

1033 1370 1227 1410 intendebat,
1240 1381 1325 1412 quae,
1342 1381 1431 1404 sacro
1446 1373 1583 1404 dictante
1599 1373 1733 1413 Spiritu,
1750 1373 1812 1404 Deo

1033 1434 1092 1456 suo
1115 1427 1219 1466 magis
1245 1427 1367 1467 placere
1394 1419 1603 1467 cognoverat.
1627 1428 1695 1465 Qua
1719 1428 1758 1458 de
1779 1437 1813 1459 re

1033 1479 1168 1518 contigit
1182 1480 1274 1511 illum
1293 1480 1325 1511 in
1345 1490 1500 1520 magnam
1522 1481 1730 1512 dubitationis
1754 1492 1811 1513 cu-

1030 1533 1159 1573 jusdam
1174 1535 1327 1573 agoniam
1342 1535 1492 1574 incidere,
1510 1544 1609 1575 quam
1626 1535 1733 1567 multis
1748 1535 1813 1566 die-

1033 1587 1105 1625 bus,
1121 1587 1161 1617 ab
1176 1588 1318 1618 oratione
1334 1588 1472 1626 rediens,
1495 1589 1729 1620 terminandam
1749 1589 1811 1620 fra-

1032 1641 1135 1671 tribus
1160 1641 1219 1671 sibi
1239 1641 1451 1673 familiaribus
1475 1644 1683 1683 proponebat.
1712 1643 1810 1681 Quid,

1033 1695 1147 1735 inquit,
1162 1695 1286 1733 fratres,
1304 1696 1480 1734 consulitis,
1498 1697 1576 1736 quid
1599 1697 1755 1728 laudatis?
1771 1707 1813 1728 an

1033 1748 1119 1788 quod
1134 1749 1268 1779 orationi
1291 1759 1414 1787 vacem,
1441 1760 1482 1781 an
1504 1751 1589 1790 quod
1610 1751 1813 1790 praedicando

1033 1802 1231 1833 discurram?
1251 1803 1283 1834 Si
1304 1803 1434 1843 quidem
1456 1813 1519 1843 ego
1542 1805 1708 1844 parvulus,
1734 1805 1812 1835 sim-

1032 1855 1106 1895 plex
1121 1859 1151 1886 et
1166 1856 1333 1896 imperitus
1350 1866 1507 1895 sermone,
1526 1859 1682 1897 maj0rem
1701 1858 1813 1889 orandi

1033 1909 1139 1948 accepi
1175 1910 1324 1948 gratiam,
1361 1920 1458 1950 quam
1491 1911 1652 1951 loquendi.
1681 1911 1813 1943 Videtur

1033 1960 1130 1991 etiam
1145 1961 1177 1991 in
1190 1961 1333 1992 oratione
1347 1961 1487 2001 lucrum,
1503 1965 1534 1993 et
1548 1963 1726 1994 cumulatio
1741 1973 1813 2003 gra-

1033 2014 1167 2052 tiarum;
1178 2014 1211 2045 in
1220 2016 1455 2055 praedicatione,
1472 2017 1654 2048 distributio
1665 2018 1813 2057 quaedam

1033 2068 1191 2098 donorum
1214 2069 1338 2100 coelitus
1362 2072 1576 2110 acceptorum.
1605 2071 1640 2101 ln
1670 2071 1812 2102 oratione

1033 2121 1130 2152 etiam
1155 2122 1334 2161 purificatio
1361 2123 1552 2154 interiorum
1573 2124 1764 2162 affectuum,
1783 2128 1813 2156 et

1033 2175 1135 2205 unitio
1149 2175 1188 2205 ad
1204 2184 1307 2206 unum
1322 2185 1437 2207 verum
1454 2178 1484 2207 et
1499 2186 1665 2209 summum
1676 2179 1809 2216 bonum,

1033 2237 1107 2259 cum
1122 2228 1321 2267 vigoratione
1343 2229 1485 2268 virtutis;
1516 2231 1549 2261 in
1574 2232 1808 2271 praedicatione,

1033 2281 1248 2321 spiritualium
1271 2282 1477 2321 pulverizatio
1496 2285 1626 2325 pedum,
1651 2285 1811 2316 distractio

1033 2335 1115 2365 circa
1131 2335 1243 2373 multa,
1257 2338 1287 2366 et
1302 2336 1454 2368 relaxatio
1469 2338 1652 2378 disciplinae.
1669 2338 1811 2370 Tandem

1032 2389 1065 2418 in
1081 2388 1223 2419 oratione
1238 2388 1338 2419 Deum
1354 2390 1551 2431 alloquimur
1565 2395 1596 2422 et
1606 2392 1765 2432 audimus,
1780 2395 1811 2423 et

1033 2442 1124 2482 quasi
1140 2442 1319 2481 angelicam
1336 2444 1435 2475 vitam
1449 2447 1592 2484 agentes,
1610 2445 1694 2476 inter
1711 2455 1811 2486 ange-

1032 2495 1079 2525 los
1103 2504 1346 2534 conversamur,
1383 2497 1415 2527 in
1451 2498 1672 2537 praedicatione
1710 2500 1812 2531 multa

1034 2550 1156 2588 oportet
1181 2550 1442 2580 condescensione
1463 2552 1508 2581 uti
1532 2552 1570 2582 ad
1592 2552 1753 2592 homines,
1772 2553 1812 2584 *et

1033 2602 1175 2633 humane
1197 2603 1280 2633 inter
1304 2612 1357 2633 eos
1383 2604 1529 2642 vivendo,
1556 2605 1700 2637 humana
1721 2607 1810 2646 cogi-

1034 2658 1112 2694 tare,
1128 2656 1248 2693 videre,
1268 2657 1370 2687 dicere
1385 2661 1416 2687 et
1430 2658 1551 2689 audire.
1570 2659 1632 2690 Sed
1648 2669 1750 2691 unum
1765 2662 1812 2691 est

1035 2709 1068 2739 in
1084 2710 1292 2748 contrarium,
1316 2710 1400 2749 quod
1423 2711 1548 2743 videtur
1568 2714 1811 2753 praeponderare
