2029 3052
240 253 299 283 572

239 318 310 350 ritis
324 317 484 358 exaudiri,
499 326 580 358 quos
593 326 657 349 non
680 318 727 348 est
747 317 884 349 dubium
909 317 950 349 ad
964 327 1016 348 an-

241 371 382 412 gelicum
407 371 604 402 consortium
631 371 824 412 pervenisse.
855 371 912 403 Vel
941 371 1018 412 quia

239 425 495 466 vigintiquatuor
522 426 599 456 sunt
623 425 713 456 horae
752 425 908 456 naturalis
936 425 1015 464 diei,

241 479 342 510 oratio
356 478 447 510 istius
461 478 589 510 numeri
604 479 681 519 petit
696 478 876 510 remedium
890 480 1017 520 tempo-

241 533 285 565 ris
305 533 460 565 universi.
485 533 564 564 Item
587 533 752 565 Matutinae
766 533 887 572 laudes,
912 543 985 575 quae
999 543 1019 565 3

241 586 361 618 clericis
377 586 601 626 decantantur,
617 587 794 620 novenario
808 588 1017 628 psalmorum,

241 640 416 672 lectionum
445 650 482 672 ac
509 643 663 673 cantuum
695 641 957 682 distinguuntur,
983 643 1021 673 ut

241 694 404 735 angelicos
419 703 537 727 novem
552 695 679 726 ordines
693 697 934 736 repraesentent.
950 695 1019 727 Nu-

243 757 352 780 merus
375 750 483 779 autem
508 748 822 789 vigesimusquartus
845 751 1020 789 generatur

243 811 284 833 ex
297 802 397 833 ductu
408 802 540 833 ternarii
554 802 588 833 in
597 803 797 834 octonarium
811 814 817 834 :
833 803 866 833 in
879 803 1020 834 ternario

243 858 363 896 autem,
389 866 545 888 numerus
563 857 813 895 credendorum3
841 857 876 888 in
895 859 1022 889 octona-

243 910 292 942 rio
304 911 430 951 justitia
441 910 633 950 intelligitur
645 911 858 951 agendorum,
875 921 949 942 cum
974 920 1021 942 se-

245 964 389 996 cundum
410 965 632 1004 Augustinum
656 965 664 982 ¹
682 966 731 996 est
753 974 910 996 numerus
928 965 1023 1005 justi-

244 1017 311 1056 tiae,
336 1018 512 1058 unicuique
533 1027 591 1049 sua
612 1018 792 1050 tribuentis.
819 1018 904 1050 Laici
928 1028 1021 1058 ergo,

245 1072 301 1113 qui
309 1072 348 1104 ad
359 1072 469 1104 laudes
477 1073 648 1112 angelicas,
658 1073 708 1104 vel
717 1073 927 1112 intelligendo
937 1081 1022 1113 mys-

245 1127 337 1166 teria,
353 1135 418 1157 non
433 1128 620 1166 assurgunt,
635 1126 869 1166 simplicitatem
885 1135 977 1157 suam
989 1126 1024 1157 in

246 1180 309 1211 fide
318 1181 350 1211 et
354 1180 479 1220 justitia
491 1180 525 1211 in
535 1180 596 1211 hoc
606 1189 742 1212 numero
754 1181 935 1221 perficiunt,
951 1190 1024 1212 cum

247 1234 430 1266 octonarius
445 1234 484 1265 ad
504 1234 674 1274 justitiam,
697 1235 857 1266 ternarius
871 1235 910 1266 ad
928 1235 1023 1267 fidem

248 1288 383 1328 pertinet
397 1287 571 1319 Trinitatis.

289 1341 440 1382 Sequitur
462 1352 469 1372 ε
496 1342 556 1374 Pro
572 1341 740 1374 Laudibus·
761 1342 917 1383 quinque.
937 1342 1025 1374 Sicut

249 1395 442 1426 Matutinum
469 1395 611 1426 officium
635 1396 745 1427 laudes
764 1396 872 1436 signat
906 1397 1026 1427 civium

249 1458 473 1489 supernorum,
491 1450 534 1480 sic
548 1450 689 1481 osticium
703 1449 849 1481 Laudum
864 1450 1026 1490 significat

249 1502 372 1534 cultum
387 1503 533 1534 Ecclesiae
543 1512 561 1534 a
576 1513 668 1534 mane
682 1503 828 1535 Ecclesiae
842 1504 1025 1544 primitivae,

249 1566 352 1597 usque
367 1557 406 1588 ad
422 1556 528 1588 lucem
549 1557 683 1596 claram,
707 1566 804 1597 quam
824 1558 857 1588 in
877 1558 940 1589 tine
963 1567 1027 1588 531-

249 1610 311 1642 culi
327 1612 543 1651 expectamus·
571 1610 730 1651 incipiunt
754 1611 840 1642 enim
855 1612 865 1628 ²
892 1621 910 1642 a
925 1620 1028 1651 regno

250 1664 365 1695 Christi
378 1664 489 1695 decore
506 1664 607 1695 induti
628 1664 662 1695 in
682 1664 798 1705 populo
819 1664 1025 1703 Judaeorum;

250 1727 307 1758 per
326 1718 470 1758 jubilum
489 1718 594 1748 omnis
616 1720 708 1749 terrae
728 1719 748 1756 ³,
774 1721 974 1749 transeuntes
996 1719 1028 1749 in

249 1771 368 1812 populo
389 1771 548 1811 gentium,
571 1771 676 1802 lucem
702 1772 787 1812 pacis
802 1772 908 1803 datam
928 1772 1028 1803 sate-n-

250 1827 302 1855 tur
315 1824 481 1864 Ecclesiae3
504 1827 535 1856 et
550 1825 630 1856 duos
645 1825 764 1865 primos
780 1825 917 1865 psalmos
938 1826 1029 1857 tertio

251 1878 428 1919 copulando
442 1879 464 1918 ⁴,
481 1878 614 1919 duplicis
629 1879 739 1919 populi
764 1879 965 1910 concordiam
984 1888 1030 1910 re-

251 1934 457 1972 praesentant.
485 1932 509 1963 Τ
513 1935 700 1964 1·311501111ῑο5
727 1935 835 1964 autem
856 1942 912 1973 per
935 1933 1031 1964 canti-

250 1986 351 2017 ticum
367 1995 542 2026 puerorum
555 1987 565 2003 ¹⁵
582 1986 614 2017 in
634 1987 769 2025 camino,
797 1987 904 2018 laudes
923 1987 1029 2018 Eccle-

251 2039 306 2070 siae
331 2041 560 2079 repraesentant
584 2040 642 2071 sub
667 2040 871 2072 Antichristo.
896 2040 933 2071 Et
956 2049 1030 2071 cum

251 2092 284 2122 in
304 2092 405 2123 tribus
427 2093 555 2133 psalmis
575 2097 584 2113 ¹³
607 2093 716 2124 laudes
731 2095 879 2133 jungunt
904 2095 1028 2133 ultimo,

252 2148 378 2186 tempus
385 2149 453 2186 post
461 2147 692 2178 Anticliristum
699 2147 895 2187 significant,
904 2149 1031 2188 quando

252 2199 446 2237 Christianis,
470 2200 525 2240 qui
540 2210 642 2240 usque
664 2203 739 2232 tunc
765 2202 905 2239 fuerunt,
928 2200 944 2233 J
950 2202 1031 2233 udcei

252 2254 283 2283 et
300 2252 419 2292 pagani
437 2252 469 2282 in
486 2262 550 2284 una
572 2254 633 2284 fide
648 2254 756 2285 sociati
775 2255 946 2286 Dominum
971 2255 1032 2286 col-

252 2306 440 2338 laudabunt.
453 2306 512 2337 Per
526 2307 565 2347 (a)
582 2307 639 2338 has
653 2308 797 2348 quinquo
811 2308 977 2348 petitiones
995 2309 1030 2349 (b)

253 2360 385 2391 laudum
401 2361 627 2392 canonicarum
643 2362 936 2401 ecclesiasticarum,
955 2365 1032 2403 puto

255 2414 286 2444 S.
304 2413 509 2445 Franciscum
532 2414 618 2446 hunc
633 2416 818 2455 quinarium
841 2416 928 2446 luicis
952 2417 1032 2447 3551-

257 2477 384 2508 gnasse,
401 2468 461 2499 nisi
476 2469 509 2499 in
528 2469 589 2499 hoc
609 2469 687 2500 forte
708 2478 842 2500 numero
857 2470 1034 2501 differentia

255 2522 441 2561 assignetur
468 2523 603 2554 laudum
632 2523 828 2561 coelestiuin,
860 2526 890 2554 et
918 2526 1033 2555 terres-

255 2576 364 2607 trium.
382 2576 478 2608 Juxta
492 2577 550 2608 1100
571 2577 722 2609 differunt
741 2578 941 2617 hierarchice,
958 2579 1034 2618 quia

289 2640 296 2656 ¹
312 2640 388 2669 Aug„
408 2641 497 2664 Enarr.
514 2641 539 2663 in
556 2640 622 2665 Psnl.
646 2647 685 2670 vt,
702 2647 728 2664 n.
748 2642 770 2665 2.
786 2654 816 2658 —
834 2641 842 2654 ²
858 2642 898 2664 Ps.
916 2641 1035 2665 Dominus

258 2675 380 2705 rcqnaril.
403 2689 431 2692 —
452 2676 461 2692 ³
486 2676 524 2700 l's.
544 2676 656 2700 dubitate
678 2678 734 2700 1)(0.
754 2690 784 2694 -
804 2677 812 2692 ⁶
830 2677 882 2699 Sub
903 2684 952 2700 nna
969 2679 1035 2703 31111-

258 2710 352 2741 phona,
369 2711 464 2735 scilicet
478 2711 503 2735 ’111
519 2711 562 2735 off.
580 2713 652 2736 Doni.
670 2715 692 2736 et
709 2715 768 2736 tem.
785 2713 872 2743 pasch.
892 2726 920 2730 —
938 2715 946 2727 ⁵
962 2715 1033 2739 Cant.

260 2746 406 2771 Benede'cite.
415 2760 446 2764 —
458 2748 467 2763 Β
480 2747 518 2771 Ρ5.
536 2748 646 2771 Laudare
659 2750 789 2772 Dominum
803 2748 831 2772 (le
842 2748 917 2779 coelm,
931 2750 1035 2774 castitate

941 248 1149 282 EXPOSITIO

1073 318 1207 351 coelestis
1227 319 1336 352 laudat
1359 319 1460 351 Deum
1483 319 1747 360 intellectualiter,
1769 323 1848 354 sub-

1073 372 1209 404 coelestis
1222 382 1279 413 per
1293 373 1454 404 sensibilia
1467 373 1614 413 symbola
1629 385 1636 405 :
1654 384 1728 415 quae
1741 376 1851 407 omnia

1073 435 1130 466 per
1144 426 1286 467 quinque
1301 435 1414 458 sensus
1429 429 1680 468 cognoscuntur,
1698 429 1776 460 dum
1791 439 1851 461 au-

1074 480 1158 511 ditus
1172 480 1280 511 laudat
1292 480 1326 511 in
1338 480 1478 518 canticis,
1495 480 1584 512 visus
1594 481 1628 512 in
1641 483 1851 522 ornamentis,

1074 535 1177 565 tactus
1192 533 1225 564 in
1239 533 1412 574 obsequiis,
1430 535 1546 574 gustus
1560 534 1593 566 in
1609 535 1764 568 sacrificio
1777 537 1853 568 alta-

1074 587 1130 626 ris,
1152 587 1285 619 olfactus
1308 587 1341 618 in
1360 588 1537 627 fragrantia
1554 589 1671 628 thuris,
1694 592 1726 621 et
1747 590 1774 622 si
1789 600 1854 632 qua

1075 640 1191 671 similia
1206 640 1245 671 ad
1260 641 1472 680 fragrandum
1488 641 1693 674 adhibentur.

1114 694 1286 735 Sequitur:
1306 695 1365 727 Pro
1381 695 1503 734 Prima,
1519 695 1553 726 in
1567 705 1631 736 qua
1646 695 1800 728 Dominus
1814 697 1855 728 ad

1075 747 1241 788 pontifices
1255 748 1370 780 ductus
1383 750 1440 780 est.
1461 749 1579 788 Tertia,
1596 749 1628 780 in
1647 759 1712 790 qua
1726 759 1856 782 accusa-

1076 803 1139 840 tus,
1155 803 1185 833 et
1202 802 1364 842 judicatus
1377 804 1436 842 est,
1452 803 1486 833 in
1504 812 1568 843 qua
1583 803 1679 835 etiam
1693 803 1856 835 descendit

1077 854 1215 896 Spiritus
1234 858 1374 887 sanctus.
1394 857 1513 895 Sexta,
1539 857 1573 888 in
1593 866 1659 898 qua
1679 858 1855 889 crucifixus

1077 911 1135 940 est.
1153 909 1198 942 Et
1213 910 1317 949 Nona,
1333 910 1367 941 in
1383 920 1447 950 qua
1464 913 1611 943 mortuus
1625 913 1683 943 est.
1697 912 1755 945 Pro
1771 920 1853 953 qua-

1077 964 1151 996 libet
1166 964 1306 996 istarum
1329 963 1481 996 horarum
1501 967 1630 1004 septem,
1651 966 1688 997 ut
1704 965 1855 1006 septifor-

1078 1017 1140 1048 mis
1153 1017 1258 1057 gratia
1267 1017 1467 1058 impetretur,
1479 1019 1530 1050 vel
1543 1019 1719 1050 secundum
1733 1021 1856 1060 septem

1079 1070 1163 1101 dona
1179 1070 1320 1111 Spiritus
1334 1071 1447 1110 sancti,
1465 1071 1517 1103 vel
1537 1072 1713 1103 secundum
1736 1073 1857 1112 septem

1079 1123 1226 1155 Ecclesiae
1248 1127 1463 1165 sacramenta,
1494 1126 1610 1166 quibus
1640 1125 1720 1156 Deus
1744 1125 1860 1156 indidit

1080 1187 1147 1209 snae
1160 1178 1330 1209 efficaciam
1346 1179 1511 1220 passionis.
1525 1180 1583 1212 Pro
1598 1180 1741 1220 vesperis
1752 1182 1859 1212 autem

1080 1232 1248 1264 duodecim
1261 1242 1271 1262 :
1287 1233 1347 1264 1100
1362 1233 1431 1264 ideo
1446 1233 1538 1270 forte,
1556 1234 1632 1274 quia
1643 1233 1790 1274 Vesperae
1802 1242 1859 1273 pro

1081 1286 1168 1317 horis
1182 1286 1301 1317 habent
1316 1286 1483 1317 duodecim
1498 1287 1663 1325 celebrari,
1677 1289 1714 1318 ut
1726 1295 1784 1327 pro
1794 1295 1860 1317 om-

1081 1341 1174 1371 nium
1189 1341 1345 1371 horarum
1360 1341 1421 1372 diei
1444 1341 1613 1381 praeteritae
1629 1341 1768 1379 offensis,
1787 1349 1863 1387 ora-q

1082 1395 1168 1426 tione
1192 1394 1387 1426 duodenaria
1407 1394 1531 1425 Cmnsri
1559 1394 1776 1426 misericordia
1799 1394 1861 1424 im-

1082 1448 1238 1488 ploretur3
1256 1448 1306 1480 vel
1330 1449 1407 1489 quia
1428 1449 1579 1480 laudibus
1598 1448 1787 1489 vespertinis
1810 1456 1863 1479 re-

1083 1504 1293 1542 praesentatur
1321 1503 1433 1534 mundi
1463 1512 1614 1543 vespera,
1646 1503 1678 1533 111
1707 1511 1771 1542 qua
1795 1502 1861 1542 ipse

1084 1555 1165 1586 Deus
1179 1556 1360 1587 incarnatus
1376 1559 1434 1595 est,
1447 1558 1548 1588 sactus
1562 1557 1640 1595 dies,
1658 1559 1689 1588 et
1705 1556 1766 1587 sibi
1781 1556 1861 1587 duo-

1083 1609 1184 1640 decim
1199 1610 1294 1641 horas
1314 1611 1348 1640 in
1364 1610 1532 1641 duodecim
1547 1610 1707 1651 Apostolis
1732 1609 1861 1650 copula-

1084 1664 1140 1694 vit.
1161 1663 1248 1694 Unde
1270 1664 1390 1703 legitur
1406 1665 1438 1694 in
1456 1664 1578 1695 Joanne
1592 1665 1602 1682 '¹
1621 1675 1627 1695 z
1651 1664 1763 1696 Nonne
1779 1663 1863 1696 duo-

1083 1717 1185 1749 decim
1201 1718 1285 1750 Ιιονιι1
1299 1721 1375 1750 sunt
1389 1718 1457 1749 (Ιὶοῑ
1466 1718 1482 1748 ,⁹

1125 1772 1278 1812 Sequitur
1296 1783 1302 1803 ε
1320 1773 1380 1804 Pro
1394 1771 1597 1811 completorio
1609 1774 1740 1811 septem,
1753 1771 1787 1801 in
1799 1780 1863 1811 quo

1084 1827 1230 1858 omnium
1246 1825 1482 1857 consummatio
1505 1825 1700 1863 insinuatur,
1724 1828 1762 1856 ut
1783 1825 1865 1856 sient

1085 1881 1222 1921 Spiritus
1237 1879 1428 1920 septiformis
1443 1879 1554 1919 incipit
1564 1881 1595 1910 et
1608 1878 1730 1918 dirigit,
1749 1879 1791 1909 ita
1808 1888 1864 1919 per

1085 1935 1190 1975 ipsum
1214 1934 1310 1965 etiam
1339 1933 1401 1964 diei
1429 1934 1580 1964 meritum
1603 1935 1862 1964 consummetur.

1086 1989 1161 2020 llaec
1185 1989 1291 2018 autem
1318 1987 1350 2017 in
1374 1986 1524 2018 universo
1553 1988 1629 2017 sunt
1659 1986 1864 2026 septuaginta

1086 2053 1142 2074 sex
1157 2044 1254 2075 Pater
1268 2044 1384 2079 noster,
1408 2041 1528 2081 quibus
1554 2041 1580 2071 si
1602 2041 1703 2071 oratio
1726 2049 1784 2080 pro
1807 2040 1861 2072 de-

1086 2097 1202 2128 functis
1215 2095 1396 2135 adjiciatur,
1420 2103 1575 2125 numerus
1596 2094 1784 2135 producitur
1806 2102 1862 2125 oc-

1086 2151 1288 2191 tuagesimus
1301 2150 1436 2189 primus,
1449 2151 1483 2179 ut
1496 2149 1643 2180 omnium
1658 2150 1862 2189 pcccatorum

1086 2204 1230 2236 remissio
1243 2204 1441 2243 impetretur.
1459 2201 1669 2241 EtJ‘ejzment.
1687 2201 1744 2232 Hie
1754 2201 1864 2241 agitur

1086 2260 1125 2290 de
1140 2257 1363 2289 ordinantibus
1385 2256 1546 2287 hominem
1571 2256 1610 2287 ad
1629 2255 1781 2295 seipsum,
1807 2255 1865 2286 sci—

1087 2313 1158 2344 licet
1172 2312 1210 2343 de
1222 2311 1357 2351 jejunio.
1382 2310 1419 2341 Et
1440 2310 1581 2350 loquitur
1601 2309 1639 2340 de
1654 2309 1768 2349 triplici
1783 2318 1863 2350 qua-

1087 2366 1280 2405 dragesima,
1298 2365 1376 2396 duas
1391 2364 1596 2404 praeceptorie
1608 2364 1787 2403 imponens,
1799 2366 1862 2394 ter-

1088 2422 1165 2452 tiam
1193 2420 1231 2451 ad
1259 2419 1438 2450 devotionis
1465 2418 1687 2448 excitationem
1717 2418 1862 2448 suadens.

1088 2475 1164 2506 Tres
1177 2473 1333 2514 siqnidem
1348 2473 1505 2511 leguntur
1523 2471 1737 2512 qnadraginta
1753 2470 1864 2501 diebus

1088 2529 1236 2560 continue
1254 2528 1429 2567 jejunasse,
1453 2535 1568 2566 nempe
1589 2525 1689 2556 Moses
1705 2527 1726 2562 ⁸,
1743 2524 1826 2555 Elias
1841 2524 1864 2561 ⁹,

1089 2586 1119 2614 et
1130 2584 1262 2623 ipsemet
1273 2581 1425 2612 Dominus
1436 2580 1462 2611 ¹⁰.
1480 2580 1601 2620 Duplex
1612 2581 1719 2610 autem
1730 2579 1866 2617 estjeJu-

1092 2644 1197 2667 Domino
1213 2642 1345 2671 canticum,
1365 2641 1472 2665 Laudatc
1493 2641 1626 2664 Dominum
1644 2639 1668 2662 in
1689 2638 1787 2662 Sanctis
1801 2638 1864 2669 ejus.

1091 2693 1116 2697 —e
1133 2681 1139 2694 ἲ
1154 2680 1236 2709 Joan„
1252 2684 1288 2708 xx,
1305 2680 1325 2702 5).
1342 2691 1371 2694 —
1387 2680 1394 2690 ³
1411 2677 1705 2706 Eae0‹l.,xxx1v‚28.-
1723 2675 1732 2691 9
1750 2675 1779 2698 111
1798 2675 1865 2705 Itey..

1090 2722 1149 2745 xix,
1171 2719 1192 2739 s.
1209 2728 1239 2732 —
1254 2715 1273 2731 1⁰
1292 2714 1397 2744 illailla,
1421 2721 1456 2744 iv,
1479 2715 1500 2737 2.
1519 2726 1548 2731 —
1567 2712 1601 2742 (a)
1621 2712 1678 2742 Lry.
1706 2713 1821 2742 Propter.
1835 2723 1867 2728 —

1092 2752 1126 2782 (b)
1143 2752 1198 2781 Ley.
1215 2750 1375 2781 partitiones.
