2060 3052
651 229 701 262 DE
723 228 801 262 UNO
824 227 860 260 S.
881 226 1147 261 CONFESSORE.
1171 227 1304 261 SERMO
1330 228 1352 260 l.

192 297 376 328 nientissimo
405 300 433 327 et
460 297 710 327 desideratissimo
740 297 776 326 sit
802 297 971 333 conjuncta,

192 347 253 374 tota
265 354 282 374 a
292 345 537 374 delectationibus
548 347 590 374 est
601 345 751 382 absorpta.
762 345 839 379 Quid
846 346 889 373 est
897 343 972 372 illud

193 401 308 421 summe
321 392 496 422 delectabile
509 392 702 428 conjunctum
721 392 850 420 animoe‘!
869 392 972 427 Utique

192 441 274 468 Jesus
288 440 425 468 Christus.
445 439 527 468 Unde
546 439 723 476 Apostolus²
741 449 748 467 :
769 448 781 466 α
796 441 869 467 Cum
893 437 973 466 Chri-

193 489 254 516 stus
268 487 449 524 apparuerit,
463 487 524 515 vita
536 489 643 521 vestra,
655 489 725 515 tunc
738 488 765 515 et
779 494 833 514 vos
847 493 973 522 appare-

193 533 261 562 bitis
274 542 341 562 cum
355 533 408 562 illo
424 534 454 562 in
469 534 575 569 gloria.
592 545 605 560 »
622 533 717 562 Tertio
738 533 790 562 illa
810 533 899 561 beata
912 532 973 560 vita

194 583 236 610 est
263 581 368 609 animce
396 581 527 618 quietive.
555 583 582 609 ct
603 581 799 617 pacificativa,
832 579 903 616 quia
932 581 974 607 est

194 628 291 657 omnis
307 629 453 665 appetitus
468 629 663 657 terminativa.
680 631 778 657 Tantae
792 628 871 656 enim
887 635 974 664 capa-

195 675 288 704 citatis
303 678 344 704 est
360 676 469 712 anima,
490 675 564 704 sicut
582 675 691 712 probat
704 675 769 712 ipsa
782 674 972 711 experientia,

194 724 227 752 ut
240 723 323 752 nulla
336 731 368 751 rc
383 725 510 757 terrena,
522 723 583 751 imo
597 731 653 751 nec
663 723 725 750 ulla
735 726 869 750 creatura
882 721 975 758 possit

195 779 257 800 esse
271 771 360 808 plena
377 781 383 799 ε
401 779 494 808 quare
510 771 574 800 solo
590 779 708 799 summo
718 771 801 798 bono
811 769 904 806 possit
912 777 974 797 esse

194 818 290 853 beata,
312 819 380 855 quia
407 827 442 846 eo
462 818 527 846 solo
548 818 700 855 perficitur
721 825 791 845 suus
816 815 973 852 appetitus.

195 865 276 893 Unde
292 866 437 902 Propheta
458 866 575 894 dicebat
589 866 622 893 ²:
642 875 655 892 ι(
674 867 762 893 Notas
788 864 862 892 mihi
883 862 975 891 fecisti

194 912 258 941 vias
270 913 346 948 vitae,
362 913 542 950 adimplebis
556 921 603 941 me
618 912 717 941 laetitia
731 921 800 940 cum
809 911 892 940 vultu
902 913 953 939 tuo
966 920 974 937 ι

195 960 402 989 delectationes
424 961 455 988 in
474 961 595 989 dextera
615 962 665 988 tua
683 968 777 996 usque
796 960 826 987 in
841 959 942 986 finem.
960 968 973 984 1)

196 1009 228 1036 Et
241 1007 300 1036 alio
317 1007 385 1036 loco
398 1009 408 1026 ³
425 1017 431 1036 :
451 1018 464 1034 ι(
478 1008 623 1043 satiabor,
647 1016 714 1035 cum
730 1007 901 1044 apparuerit
915 1006 977 1042 glo-

195 1053 240 1082 ria
253 1056 314 1083 tua.
331 1065 344 1082 »
361 1055 371 1072 ¹*
388 1064 402 1082 «
415 1055 500 1092 Apud
512 1058 537 1084 te
550 1057 591 1083 est
601 1055 668 1083 fons
682 1055 758 1083 vitae.
772 1065 785 1081 »
800 1055 908 1088 Quarto
925 1053 977 1081 illa

196 1101 256 1130 vita
271 1103 313 1130 est
323 1102 478 1131 duratione
489 1105 596 1131 aeterna
608 1112 614 1130 z
632 1102 699 1139 quis
713 1102 792 1130 enim
807 1103 867 1129 tam
878 1101 977 1128 valen-

196 1150 238 1177 ter
263 1151 406 1185 quaereret
428 1150 530 1178 omnia
553 1150 733 1186 supradicta,
759 1149 783 1176 si
808 1150 903 1177 essent
927 1148 977 1176 ali<

197 1196 319 1232 quando
340 1197 481 1233 peritura,
506 1197 562 1224 nisi
584 1197 667 1233 quod
687 1196 799 1224 doloris
818 1196 928 1232 pariter
951 1197 978 1223 et

196 1243 311 1272 timoris
329 1246 425 1272 essent
443 1244 665 1280 possidentibus
685 1244 854 1272 causativa?
872 1245 975 1272 Poeta:

221 1315 286 1339 Nam
301 1314 370 1339 venit
385 1322 417 1340 ex
431 1314 486 1339 sola
499 1315 670 1346 prosperitate
687 1315 772 1346 timor,
787 1313 827 1338 vel
841 1314 923 1338 dolor.

197 1386 278 1414 Unde
296 1387 412 1415 Boetius
427 1387 498 1415 dicit
512 1387 522 1404 ⁵
535 1387 618 1424 quod
631 1387 865 1415 infelicissimum
885 1394 978 1422 genus

198 1433 322 1462 fortunae
336 1436 378 1462 est
394 1434 483 1462 fuisse
501 1435 628 1469 felicem,
649 1435 720 1470 quia
735 1434 808 1462 dum
822 1434 977 1468 felicitatis,

199 1480 267 1508 facti
282 1481 392 1515 miseri,
405 1481 610 1515 recordantur,
624 1481 717 1509 multo
733 1481 837 1509 dolore
849 1481 979 1509 afliciun-

200 1529 256 1555 tur.
272 1529 320 1555 Est
333 1536 413 1563 ergo,
442 1530 473 1556 ut
496 1529 570 1556 nihil
593 1528 632 1556 ad
654 1528 867 1556 beatitudinem
893 1528 977 1563 desit,

199 1574 250 1602 illa
273 1575 332 1602 vita
355 1577 473 1603 aeterna.
495 1576 576 1603 Unde
602 1576 708 1603 dicitur
723 1575 754 1603 ⁶:
774 1585 787 1601 «
803 1576 889 1604 lbunt
903 1575 932 1602 hi
948 1574 979 1602 iu

199 1621 378 1658 supplicium
392 1624 553 1657 aeternum5
567 1623 636 1657 justi
651 1631 735 1656 vero,
751 1623 782 1650 111
797 1623 887 1650 vitam
898 1624 980 1649 aeter-

198 1676 278 1696 nam.
299 1679 313 1695 »
337 1669 381 1696 Ab
405 1669 461 1697 hac
484 1670 544 1697 vita
563 1669 691 1705 separati
715 1671 800 1697 erunt
824 1670 854 1697 iu
873 1677 979 1705 perpe-

199 1716 282 1743 tuum
299 1716 386 1744 mali:
402 1717 476 1744 boni
490 1725 562 1745 vero
577 1719 663 1744 erunt
677 1717 765 1744 bonis
776 1716 916 1744 omnibus
927 1724 980 1752 per

199 1763 380 1791 contrarium
394 1764 536 1792 immersi.
553 1766 701 1800 Rogemus
718 1772 799 1800 ergo,
816 1766 870 1792 etc.

310 1863 364 1899 DE
397 1863 478 1900 UNO
511 1864 542 1900 S.
576 1864 864 1900 GONFESSORE.

424 1940 553 1970 SERMO
577 1941 754 1970 1111111101.

190 2003 195 2008 ·
236 1999 334 2026 Beatus
346 2001 389 2027 vir
402 2002 451 2034 qui
465 2001 561 2034 suffert
574 2002 767 2027 tentationem:
780 2001 907 2035 quoniam
922 2008 980 2027 cum

200 2045 328 2080 probatus
349 2048 453 2081 faerit,
469 2049 584 2082 accipiet
606 2055 729 2075 coronam
749 2049 813 2074 vitoe
832 2048 852 2072 ⁸.
874 2047 902 2074 Si
921 2047 980 2073 vita

200 2092 368 2128 christiana,
402 2094 568 2122 secundum
595 2094 821 2130 Hieronymum,
850 2096 892 2121 est
920 2095 981 2121 tota

200 2142 365 2175 martyrum
385 2141 422 2177 (a)
441 2149 545 2177 pugna
565 2144 592 2169 et
611 2141 740 2176 bellum;
767 2141 841 2169 nulli
860 2141 981 2169 vertitur

200 2186 231 2213 in
248 2186 386 2223 dubium,
399 2188 472 2224 quin
486 2189 546 2216 vita
562 2189 696 2216 omnium
707 2191 876 2216 sanctorum
892 2187 980 2215 etiam

201 2234 405 2262 consessorum
421 2243 538 2272 semper
559 2236 696 2263 habuerit
717 2244 784 2262 cum
805 2235 887 2262 hoste
911 2243 981 2262 cou-

202 2280 322 2308 tlictum.
340 2282 416 2314 Quid
432 2285 474 2310 est
488 2283 624 2310 omnium
639 2284 813 2311 Sanctorum
826 2290 981 2310 conversa-

202 2328 251 2362 tio,
267 2328 323 2355 nisi
343 2329 448 2357 militia
463 2332 490 2357 et
504 2331 644 2358 tentatio?
664 2330 744 2358 Unde
763 2331 957 2366 Hieronymus
971 2331 981 2345 θ’

201 2375 238 2401 ad
252 2376 426 2403 Eustochium
442 2376 502 2404 ait:
520 2387 532 2402 «
546 2378 614 2410 Quis
631 2378 693 2405 sine
718 2377 879 2405 certamine
896 2385 980 2404 coro-

201 2423 287 2449 natus
305 2424 366 2450 est?
390 2423 510 2459 Respice
531 2424 570 2450 ad
591 2424 674 2459 Abel,
694 2426 721 2452 et
742 2432 845 2452 omncs
863 2424 957 2459 justos
974 2433 979 2451 :

202 2469 268 2503 quis
297 2473 414 2498 sanctus
438 2471 553 2498 bellum
581 2480 649 2498 cum
670 2472 752 2499 hoste
771 2480 832 2499 non
855 2471 981 2499 habuit?

203 2515 299 2551 Solus,
313 2527 326 2544 »
345 2517 457 2554 inquit,
476 2528 489 2544 «
504 2518 645 2546 Salomon
660 2518 725 2554 fuit,
747 2519 799 2555 qui
816 2519 847 2546 111
868 2519 982 2547 (10110115

236 2605 241 2618 ¹
259 2603 363 2635 Colore„
377 2610 418 2635 111,
429 2605 452 2628 4,
463 2618 492 2623 -
508 2605 515 2618 ³
530 2605 599 2628 Psal.
617 2610 660 2635 κν,
678 2606 714 2628 11.
727 2619 757 2624 -
772 2606 782 2622 ³
794 2605 861 2629 Psal.
874 2611 927 2634 xvi,
944 2607 981 2629 15.

203 2652 233 2656 —
255 2640 265 2656 ¹*
283 2640 352 2664 Psal.
375 2647 454 2670 xxm,
473 2642 512 2665 10.
532 2654 563 2658 -
586 2641 595 2657 ⁵
618 2641 701 2671 Boot„
723 2642 752 2665 cle
775 2641 863 2665 Cousol
880 2641 982 2672 philos„

204 2675 247 2699 lib.
266 2676 297 2706 ll,
312 2683 381 2706 pros.
399 2678 421 2707 4,
442 2677 467 2700 in
482 2677 618 2708 principio.
632 2690 657 2693 —
675 2678 684 2693 ὓ
701 2677 804 2707 Malui„
823 2683 883 2707 xxv,
899 2678 936 2700 46.
952 2690 983 2694 —

205 2711 314 2743 ⁷Neque
334 2712 415 2743 hunc,
437 2719 520 2744 neque
543 2715 652 2744 quatuor
669 2715 805 2744 sequentes
825 2713 902 2737 habet
923 2712 981 2736 edit.

1775 234 1810 263 61

1027 296 1100 325 vixit
1122 307 1128 325 :
1154 298 1182 326 et
1199 297 1268 326 ideo
1292 296 1414 326 forsitan
1438 296 1557 325 corruit.
1574 297 1595 314 ¹⁰
1616 297 1699 331 Quem
1719 299 1816 334 diliqit

1028 346 1168 378 Dominus,
1183 346 1299 381 corripit
1317 353 1327 373 .·
1340 345 1462 381 flaqellat
1487 347 1579 373 autem
1597 353 1699 373 omnem
1713 347 1813 381 filium,

1028 400 1106 427 quem
1124 394 1233 427 recipit.
1261 394 1364 420 Nonne
1393 399 1476 427 ergo,
1502 402 1515 418 »
1541 391 1647 429 iuquit,
1669 404 1682 417 «
1707 393 1815 422 melius

1028 438 1113 466 militi
1136 440 1179 466 est
1202 439 1286 467 brevi
1310 441 1443 475 tempore
1467 439 1621 475 dimicare,
1646 439 1815 476 periculum

1027 485 1114 520 ferre,
1131 493 1215 514 arma
1229 488 1359 522 portare,
1373 488 1400 514 et
1414 486 1573 515 lassescere
1590 486 1647 515 sub
1663 487 1768 522 lorica,
1784 489 1817 515 ut

1027 534 1130 568 postea
1144 532 1237 560 victor
1250 533 1390 568 gaudeat,
1408 541 1498 569 quam
1516 534 1545 561 in
1561 534 1746 570 impatIcntia
1758 534 1815 562 ho-

1027 587 1067 607 110
1082 579 1171 607 11111115
1186 579 1295 608 501ν110
1310 583 1455 616 perpetuo
1473 581 1509 617 (b)
1520 581 1534 608 ?
1547 593 1559 606 »
1573 582 1605 609 Et
1620 581 1722 610 addit:
1739 591 1752 607 (1
1763 584 1817 610 Re-

1028 626 1120 662 spice,
1132 627 1224 654 Jacob
1240 629 1351 663 quanta
1365 635 1421 664 pro
1441 628 1551 656 Rachel
1570 628 1711 657 habenda
1731 629 1816 656 susti-

1028 674 1093 702 nuit
1115 682 1208 702 uxore
1234 683 1240 702 :
1265 675 1312 703 cui
1336 677 1435 703 tamen
1451 675 1514 704 dies
1527 676 1615 712 pauci
1636 676 1816 704 videbantur

1030 722 1069 750 ob
1089 721 1328 757 magnitudinem
1351 722 1472 750 amoris.
1497 723 1573 750 Nihil
1600 723 1679 751 enim
1705 725 1816 752 amanti

1030 771 1122 797 Deum
1138 771 1180 797 est
1199 768 1319 797 difficile
1339 769 1380 805 (c).
1400 781 1413 795 »
1436 770 1509 803 Quia
1531 778 1603 805 ergo
1625 770 1673 798 hic
1695 771 1817 799 Sanctus

1030 818 1093 844 toto
1108 816 1198 844 corde
1218 817 1309 844 Deum
1324 817 1462 852 amabat;
1478 817 1547 845 idco
1563 819 1743 846 tentamenta
1759 818 1818 846 dte-

1029 863 1127 892 monis
1148 863 1322 899 sustinebat,
1338 866 1366 892 et
1380 872 1489 892 munus
1511 865 1703 893 beatitudinis
1726 867 1818 893 atten-

1031 911 1130 939 debat.
1150 911 1229 939 Unde
1242 912 1318 939 bene
1335 911 1443 939 dicitur
1458 911 1495 939 de
1512 919 1546 939 eo
1565 920 1571 939 :
1588 913 1689 940 Beatur
1700 914 1755 946 vir,
1769 914 1818 948 qui

1030 960 1127 994 suffert
1144 961 1328 986 tentationem.
1346 961 1378 987 ln
1393 967 1454 995 quo
1469 960 1562 988 verbo
1576 959 1753 988 describitur
1764 960 1817 988 du-

1029 1007 1100 1042 plex
1115 1006 1255 1042 perfectio
1272 1016 1279 1033 .·
1295 1006 1394 1042 prima
1410 1008 1452 1034 est
1464 1007 1606 1043 perfectio
1621 1008 1695 1043 viae3
1713 1017 1819 1036 secun-

1032 1054 1081 1089 de,
1099 1054 1211 1090 patriffl.'
1236 1054 1309 1081 Nam
1333 1053 1472 1089 perfectio
1498 1054 1553 1082 viae
1573 1055 1698 1083 militem
1714 1056 1816 1084 Christi

1030 1101 1155 1137 probat;
1180 1100 1232 1128 sed
1257 1100 1399 1137 perfectio
1428 1101 1531 1137 patriae
1560 1102 1686 1130 militem
1715 1103 1817 1131 Christi

1031 1148 1191 1184 probatum
1207 1150 1338 1176 coronat.
1358 1148 1453 1176 Prima
1473 1148 1615 1185 perfectio
1635 1149 1766 1177 consistit
1790 1150 1817 1177 in

1030 1204 1152 1232 pugna3
1168 1196 1299 1224 secunda
1315 1198 1356 1224 est
1369 1197 1407 1224 ab
1424 1197 1507 1225 0111111
1523 1206 1625 1234 pugna
1640 1206 1752 1226 secura.
1765 1199 1821 1226 No-

1032 1245 1109 1271 tatur
1122 1244 1219 1280 primo
1236 1245 1327 1272 status
1343 1252 1463 1280 pugnee,
1484 1252 1552 1272 cum
1572 1245 1678 1272 dicitur
1697 1254 1703 1272 :
1721 1247 1820 1273 Beatus

1032 1293 1076 1318 vii·
1090 1292 1138 1326 qui
1152 1292 1249 1325 suffert
1265 1293 1450 1319 tentationem.
1473 1294 1594 1319 Notatur
1613 1292 1746 1320 secundo
1762 1294 1820 1320 sta-

1033 1339 1079 1365 tus
1096 1338 1207 1374 patriae,
1228 1346 1296 1365 cum
1310 1338 1416 1366 dicitur
1431 1348 1437 1366 :
1455 1339 1589 1372 Quoniam
1612 1347 1670 1366 cum
1687 1340 1821 1375 probatus

1031 1386 1128 1420 faerit,
1138 1386 1253 1420 accipiet
1261 1394 1385 1413 coronam
1395 1387 1470 1413 vitae.
1483 1387 1530 1413 Est
1541 1386 1628 1421 igitur
1640 1386 1818 1420 notandum,

1033 1433 1116 1469 quod
1140 1435 1183 1460 vir
1205 1434 1276 1461 dicit
1294 1434 1474 1468 virilitatem,
1497 1436 1524 1462 et
1543 1442 1560 1462 a
1579 1434 1685 1462 virtute
1710 1442 1821 1462 nornen

1034 1480 1150 1516 accipit,
1167 1489 1201 1508 οο
1218 1481 1311 1516 quod,
1324 1481 1362 1508 ad
1378 1481 1505 1508 modum
1520 1482 1645 1514 virtutis,
1664 1481 1753 1509 nullis
1765 1490 1821 1509 un-

1035 1535 1125 1562 quam
1142 1530 1298 1563 superatur
1314 1528 1456 1556 adversis
1481 1528 1576 1556 Dictus
1594 1531 1637 1557 051
1654 1531 1753 1557 autem
1774 1529 1821 1556 hic

1034 1575 1156 1602 Sanctus
1169 1574 1213 1602 vir
1229 1574 1335 1611 triplici
1349 1575 1462 1603 ratione
1481 1585 1487 1603 z
1504 1576 1614 1612 primo,
1636 1585 1690 1612 per
1712 1578 1821 1604 rectam

1034 1621 1255 1649 ordinationem
1277 1622 1316 1649 ad
1337 1624 1445 1655 Deum;
1473 1623 1616 1658 secundo,
1637 1632 1691 1659 per
1712 1625 1820 1651 rectam

1035 1669 1254 1697 ordinationem
1275 1669 1311 1697 ad
1327 1669 1476 1706 seipsum3
1496 1670 1579 1698 tertio
1600 1679 1682 1706 vero,
1702 1679 1756 1707 per
1774 1679 1821 1699 re-

1035 1718 1112 1744 ctam
1127 1716 1348 1744 ordinationem
1362 1717 1401 1744 ad
1416 1717 1598 1753 proximum.

1071 1763 1136 1791 Dico
1150 1763 1258 1799 primo,
1276 1764 1359 1800 quod
1374 1764 1428 1792 fuit
1450 1767 1493 1792 eir
1505 1773 1559 1800 per
1574 1766 1682 1792 rectam
1701 1765 1822 1793 ordina-

1034 1810 1145 1838 tionem
1157 1811 1195 1838 ad
1207 1813 1316 1845 Deum;
1333 1813 1360 1839 et
1371 1811 1429 1839 hoc
1441 1811 1674 1848 quadrupliciter
1688 1821 1694 1839 :
1712 1812 1820 1848 primo,

1034 1861 1169 1894 respectu
1188 1858 1335 1886 altissimae
1351 1859 1521 1893 majestatie,
1545 1867 1598 1894 per
1617 1859 1762 1886 humilem
1778 1867 1822 1886 10-

1035 1905 1216 1939 vercntiam;
1239 1905 1382 1940 secundo,
1408 1908 1541 1941 respectu
1557 1914 1681 1933 511111111εο
1696 1908 1823 1941 potesta-

1035 1951 1080 1986 tis,
1096 1960 1150 1988 per
1166 1952 1306 1980 devotam
1323 1953 1544 1987 obedieutiam;
1570 1953 1666 1988 tertio,
1688 1955 1822 1989 respectu

1836 1396 1891 1417 Vir-:1
1899 1396 1943 1417 vir·

1837 1430 1890 1448 tute.

1036 2007 1159 2026 summae
1174 2001 1201 2026 et
1216 1999 1355 2027 amabilis
1372 2000 1523 2034 bonitatis,
1539 2008 1593 2036 per
1607 2008 1709 2028 veram
1725 2000 1822 2028 amici-
1846 2013 1849 2014 ⁷

1035 2045 1123 2081 tiam3
1140 2048 1258 2082 quarto,
1274 2049 1408 2083 respectu
1424 2047 1603 2074 venerabilis
1617 2047 1757 2082 veritatis,
1771 2055 1823 2083 per

1036 2102 1143 2130 puram
1159 2094 1380 2122 confidentiam.

1072 2141 1152 2176 Dico,
1170 2141 1253 2177 quod
1268 2142 1315 2169 hic
1331 2143 1453 2169 Sanctus
1466 2142 1521 2170 l'uit
1536 2142 1581 2169 vir
1598 2144 1732 2178 respectu
1746 2143 1823 2170 altis>

1037 2188 1118 2215 simae
1142 2189 1313 2223 majestatis,
1338 2197 1390 2224 per
1407 2189 1553 2217 humilem
1571 2191 1778 2218 reverentiam.
1796 2191 1821 2218 Si

1037 2238 1208 2263 reverentur
1221 2235 1359 2263 homiues
1376 2238 1526 2263 terrenum
1543 2245 1654 2272 regem,
1671 2239 1699 2264 et
1714 2239 1823 2264 morta-

1037 2281 1108 2316 lem,
1130 2282 1231 2318 utique
1255 2291 1290 2310 ex
1310 2282 1481 2311 necessitate
1505 2286 1616 2311 naturae
1633 2284 1822 2318 moriturum,

1038 2332 1149 2365 quanto
1165 2329 1214 2356 ille
1228 2332 1270 2357 est
1287 2330 1480 2364 reverendus,
1499 2330 1550 2366 qui
1567 2333 1609 2358 est
1627 2332 1762 2358 omnium
1776 2339 1822 2358 rc-

1038 2385 1109 2411 gum
1125 2376 1276 2410 Dominus,
1300 2379 1327 2404 et
1347 2385 1502 2413 nunquam
1524 2380 1566 2405 est
1587 2378 1772 2405 moriturus?
1795 2379 1822 2406 Si

1037 2423 1116 2450 1111110
1133 2425 1242 2458 Regem
1256 2432 1371 2451 summe
1388 2424 1485 2459 angeli
1500 2428 1677 2452 venerantur
1689 2428 1715 2452 et
1725 2428 1821 2460 orant,

1038 2470 1112 2506 quid
1129 2471 1304 2498 mortalibus
1320 2471 1491 2499 faciendum
1506 2472 1552 2506 sit,
1564 2471 1724 2500 insinuant.
1742 2472 1822 2500 Unde

1040 2559 1154 2589 llageno.
1170 2566 1212 2582 au.
1230 2560 1297 2584 1296.
1316 2573 1342 2576 -
1367 2560 1376 2575 Β
1395 2560 1458 2588 dno,
1482 2566 1504 2587 1,
1530 2561 1565 2584 12.
1582 2574 1611 2577 -
1632 2560 1772 2592 Ἃ11101011,
1791 2561 1824 2585 acl

1039 2595 1168 2622 Eustocli„
1184 2595 1257 2626 epist.
1274 2602 1341 2626 xxm,
1358 2595 1408 2620 col.
1429 2603 1463 2619 m.
1482 2597 1532 2620 191.
1551 2609 1581 2614 —-
1598 2597 1616 2611 ¹⁰
1633 2596 1719 2626 Helua,
1734 2603 1781 2627 xri,
1798 2600 1821 2621 (3.

1072 2639 1104 2669 (a)
1122 2639 1195 2663 Forte
1216 2639 1265 2670 leq.
1282 2640 1443 2671 martyrium.
1460 2654 1489 2657 —
1510 2639 1540 2670 (h)
1562 2640 1623 2665 Coet.
1644 2641 1704 2665 edit.
1721 2648 1823 2672 semper

1039 2682 1098 2700 cure
1115 2676 1210 2700 servire
1226 2676 1340 2700 diabolo.
1353 2690 1381 2694 -
1401 2678 1427 2705 (c)
1449 2676 1521 2707 Apud
1535 2677 1638 2700 Hieron.
1655 2677 1721 2701 Nihil
1736 2684 1822 2701 amau-

1042 2711 1110 2734 tibus
1125 2711 1216 2736 durum
1233 2715 1280 2743 est,
1295 2712 1379 2736 nullus
1394 2711 1500 2736 difficilis
1515 2713 1626 2744 cupienti
1642 2713 1714 2738 labor
1729 2716 1776 2740 est.
