2029 3052
474 173 729 206 PSALTERIUM
751 173 879 206 MAJUS
901 174 1044 208 BEATAE
1066 176 1206 209 MARIAE
1227 176 1415 210 VIRGlNlS.

136 247 210 269 num
231 247 238 268 :
258 242 286 268 et
307 240 404 277 legem
427 242 508 270 tuam
528 241 751 271 immaculatam
770 249 832 270 non
850 250 917 271 sum

137 286 258 316 oblitus.
274 286 372 316 Gloria
385 288 472 323 Patri,
487 290 540 317 etc.

174 385 321 422 PrIncipes
335 385 481 422 persecuti
500 387 568 414 sunt
581 393 629 414 me
648 385 738 421 gratis
753 395 759 413 :
777 387 804 414 et
819 385 858 414 ab
874 386 918 414 in-

137 432 294 461 vocatione
303 432 433 461 nominis
441 432 482 460 tui
490 432 618 469 trepidat
628 432 747 469 spiritus
757 433 916 469 malignus.

174 482 233 508 Pax
247 479 341 508 multa
353 479 580 508 observantibus
596 488 706 508 nomen
722 481 815 515 tuum,
832 481 920 509 Mater

139 527 187 556 Dei
209 537 216 555 :
233 528 260 555 et
274 534 337 555 non
351 528 393 555 est
407 526 464 554 illis
478 527 665 555 scandalum.

173 574 305 611 Septenis
318 574 400 602 horis
415 574 570 603 decantavi
580 574 633 603 tihi
644 574 761 610 laudes,
777 574 918 603 Domina:

135 622 221 657 juxta
234 621 388 658 eloquium
404 623 487 650 tuum
504 621 543 650 da
557 621 630 649 mihi
645 621 838 650 intellectum.

173 670 261 697 Intret
286 668 378 697 oratio
397 676 465 697 mea
485 669 516 696 in
536 669 695 705 conspectu
716 670 777 704 tuo,
803 671 835 697 ut
859 676 921 697 non

137 716 345 752 derelinquam
367 716 405 752 te,
427 715 563 750 Domina,
586 716 699 743 cunctis
725 715 832 744 diebus
854 716 921 744 vitae

137 771 209 792 meae
222 773 230 791 :
246 762 391 799 quoniam
405 763 461 790 viae
472 765 529 791 tuae
539 763 744 791 misericordia
759 764 787 791 et
801 763 920 792 veritas.

172 810 387 846 concupiscam
399 809 430 838 in
440 811 584 838 aeternum
593 810 717 839 laudare
727 812 764 846 te,
778 811 902 839 Domina
911 820 918 838 .-

136 865 205 886 cum
215 857 351 885 docueris
362 865 410 885 me
419 857 642 893 justificationes
655 859 730 886 tuas.

174 903 273 933 Gloria
289 904 382 940 Patri,
398 905 454 932 etc.

426 989 551 1015 PSALmus
571 988 633 1016 119.

171 1049 215 1078 Ad
227 1049 392 1084 Dominam,
404 1057 473 1078 cum
483 1048 651 1084 tribularer,
663 1049 792 1078 clamavi
807 1058 813 1077 :
831 1051 859 1078 et
874 1058 922 1078 ex-

136 1097 250 1125 audivit
262 1105 320 1124 me.

172 1144 308 1178 Domina,
327 1144 423 1172 libera
443 1152 498 1173 nos
523 1144 561 1173 ab
585 1143 668 1172 omni
687 1144 787 1172 malo:
810 1145 922 1172 cunctis

136 1191 242 1219 diebus
256 1191 322 1219 vitae
336 1193 452 1219 nostrae.

171 1239 293 1266 Contere
312 1240 402 1274 caput
422 1237 613 1266 inimicorum
633 1240 804 1266 nostrorum
821 1247 827 1266 ε
844 1238 922 1274 pede

134 1284 344 1321 insuperabilis
358 1285 472 1313 virtutis
487 1287 553 1313 tuae.

170 1333 203 1360 Ut
218 1332 359 1360 exultavit
373 1332 492 1368 spiritus
507 1334 573 1360 tuus
593 1332 624 1360 in
639 1334 697 1361 Deo
713 1333 835 1361 salutari
850 1335 902 1361 tuo
915 1342 921 1361 :

133 1379 175 1407 sic
202 1387 306 1407 veram
335 1379 466 1415 digneris
491 1379 648 1408 infundere
676 1380 807 1408 laetitiam
836 1380 922 1408 cordi

134 1434 215 1454 meo.

171 1473 216 1502 Ad
231 1473 389 1501 Dominum
405 1474 512 1502 accede
531 1476 673 1510 rogatura
694 1482 749 1510 pro
765 1475 872 1503 nobis:
891 1478 923 1504 ut

136 1529 189 1557 per
217 1522 244 1549 te
271 1522 372 1549 nostra
396 1523 518 1557 peccata
549 1521 712 1550 deleantur.
743 1522 842 1551 Gloria
868 1524 922 1551 Pa-

137 1569 184 1604 tri,
203 1570 257 1597 etc.

424 1646 550 1673 PsALmus
567 1646 631 1672 «120.

172 1711 279 1740 Levavi
295 1711 398 1739 oculos
413 1719 498 1740 meos
514 1711 553 1739 ad
571 1713 609 1746 te,
626 1713 714 1741 Mater
729 1713 831 1741 Christi
845 1724 851 1741 ι
867 1722 921 1750 per

137 1767 229 1796 quam
244 1759 324 1787 venit
338 1759 478 1786 solatium
493 1759 575 1786 omni
592 1760 684 1787 carni.

173 1806 321 1834 Auxilium
345 1808 429 1833 tuum
451 1808 478 1833 et
500 1806 627 1841 gratiam
647 1809 728 1835 tuam
751 1808 838 1836 nobis
863 1809 920 1836 im-

137 1853 236 1889 pende
250 1852 298 1879 :in
309 1852 390 1880 omni
407 1852 596 1880 tribulatione
611 1856 722 1882 nostra.

174 1899 294 1927 Custodi
309 1907 374 1934 noa,
392 1899 517 1927 Domina
532 1900 620 1935 Virgo
636 1901 744 1929 Maria:
762 1910 798 1930 ne
815 1910 919 1938 pecca-

139 1948 237 1975 torum
249 1946 358 1982 laqueo
373 1946 537 1982 capiamur.

174 1995 237 2022 Non
253 1993 363 2021 dormit
378 2001 475 2029 neque
498 1993 627 2022 dormiet
639 1995 755 2031 pupilla
770 1996 849 2024 oculi
864 1997 919 2025 lui:

139 2042 169 2068 ut
183 2042 233 2068 tua
247 2048 364 2076 semper
380 2040 513 2068 custodia
527 2042 731 2076 protegamur.

174 2087 355 2123 Angelorum
370 2089 398 2115 et
413 2087 570 2115 hominum
586 2090 618 2116 te·
634 2088 736 2117 laudat
751 2090 848 2118 omnis
863 2090 920 2118 lin-

139 2142 217 2169 gua:
235 2136 262 2162 et
276 2136 342 2162 ante
357 2136 384 2162 te
399 2134 501 2163 omnia
515 2143 613 2170 genua
631 2138 799 2166 curvantur.
822 2137 921 2166 Gloria

140 2181 227 2215 Patri,
243 2183 295 2208 etc.

427 2259 551 2286 PsALmus
570 2259 632 2286 12¹1.

176 2322 296 2350 Laetatus
311 2329 376 2348 surn
390 2321 419 2349 in
436 2323 474 2356 te,
491 2323 602 2357 Regina
618 2324 683 2352 eceli
697 2334 702 2352 :
721 2326 791 2362 quia
806 2329 832 2355 te
845 2327 920 2356 duce

139 2370 170 2398 in
186 2370 311 2398 domum
327 2369 442 2397 Domini
461 2369 582 2397 ibimus.

176 2417 357 2445 Hierusalem
384 2416 507 2444 ooelestis
530 2417 631 2445 civitas
648 2427 653 2445 :
672 2419 711 2446 ad
727 2421 822 2449 Mariae
844 2430 920 2458 prae-

140 2472 199 2492 mia
215 2471 377 2491 veniamus.

176 2513 279 2538 Pacem
296 2512 323 2538 et
339 2510 667 2547 indulgentiam‚Virgo,
679 2514 918 2552 nobisimpetra:

140 2559 168 2585 et
182 2557 314 2593 palmam
327 2557 364 2585 de
379 2557 526 2590 hostibus,
543 2560 570 2586 et
586 2558 778 2596 triumphum.

176 2604 324 2639 conforta,
341 2606 368 2632 et
383 2605 537 2633 consolare
549 2613 600 2634 cor
610 2608 745 2636 nostrum
758 2618 764 2637 z
783 2611 838 2639 tuae
854 2612 919 2641 dul-

141 2650 244 2679 cedine
258 2650 380 2686 pietatis.

1704 181 1761 210 217

1011 244 1066 280 Sic,
1085 245 1219 281 Domina,
1241 245 1329 274 nobis
1350 245 1474 274 infunde
1499 245 1688 275 clementiam
1708 254 1714 274 :
1731 248 1764 275 ut

976 290 1084 320 devote
1097 292 1127 320 in
1143 292 1268 322 Domino
1290 293 1465 322 moriamur.
1483 293 1582 322 Gloria
1597 293 1684 329 Patri,
1703 295 1758 322 etc.

1267 377 1392 404 Pennus
1411 377 1474 404 122.

1013 435 1057 464 Ad
1072 437 1099 464 te
1120 435 1217 464 levavi
1240 436 1343 465 oculos
1367 445 1463 472 meos,
1484 436 1618 472 Regina:
1635 444 1702 473 quoe
1715 444 1762 465 re-

977 491 1051 518 gnas
1067 482 1098 510 in
1114 483 1207 511 coelis.

1013 530 1200 566 Adjutorium
1210 533 1345 559 nostrum
1358 532 1388 560 in
1398 532 1504 560 virtute
1518 532 1554 560 sit
1566 531 1694 560 nominis
1705 531 1763 560 tui:

977 585 1030 614 per
1044 579 1071 605 te
1087 578 1189 606 omnia
1204 586 1295 614 opera
1310 581 1412 607 nostra
1428 579 1603 615 dirigantur.

1013 625 1170 653 Benedicta
1183 625 1222 652 sis
1236 625 1267 653 in
1287 625 1364 654 coelo
1381 627 1409 654 et
1427 626 1568 654 interra:
1592 626 1623 654 in
1639 626 1713 655 mari
1737 628 1765 654 et

977 671 1008 700 in
1022 672 1162 700 omnibus
1178 673 1304 709 abyssis.

1014 720 1170 748 Benedicta
1191 720 1227 748 sit
1253 719 1429 749 foecunditas
1454 722 1522 749 tua:
1549 721 1706 750 benedicta
1729 721 1765 750 sit

977 767 1142 804 virginitas,
1158 769 1185 796 et
1200 768 1348 797 munditia
1363 770 1422 796 tua.

1014 815 1205 843 Benedictum
1219 816 1254 843 sit
1273 824 1382 852 corpus
1397 818 1481 844 tuum
1496 818 1630 844 sanctum
1644 825 1650 844 :
1671 816 1763 845 bene-

979 862 1057 891 dicta
1070 862 1106 891 sit
1120 863 1221 891 anima
1236 864 1286 892 tua
1301 863 1498 892 sanctissima.

1014 909 1114 938 Gloria
1129 909 1214 945 Patri,
1229 912 1285 938 etc.

1268 994 1394 1020 PSALmus
1413 993 1474 1020 ¹123.

1013 1052 1071 1081 Nisi
1089 1053 1160 1090 quia
1176 1053 1300 1081 Domina
1314 1054 1415 1081 nostra
1431 1053 1538 1081 eratin
1553 1053 1641 1081 nobis
1658 1062 1665 1081 ;
1681 1053 1764 1082 inve-

978 1101 1089 1129 nissent
1103 1109 1158 1129 nos
1172 1100 1305 1137 pericula
1315 1101 1424 1133 multa.

1015 1147 1194 1183 Esto,Virgo,
1210 1148 1388 1176 defensatrix
1404 1149 1507 1176 nostra
1521 1158 1527 1176 :
1545 1150 1571 1176 et
1594 1150 1661 1177 ante
1672 1150 1764 1176 Deum

979 1196 1124 1225 advocata
1138 1196 1279 1232 propitia.

1014 1244 1140 1273 Ostende
1156 1244 1254 1277 nobis,
1265 1244 1401 1278 Domina,
1413 1243 1648 1272 misericordiam
1662 1245 1743 1271 tuam
1755 1252 1761 1271 :

979 1293 1007 1319 et
1022 1291 1157 1319 conforta
1169 1299 1225 1319 nos
1241 1291 1271 1318 in
1283 1291 1401 1318 servitio
1417 1292 1520 1318 sancto
1538 1292 1598 1318 tuo.

1013 1338 1191 1367 Benedicant
1204 1340 1231 1366 te
1249 1337 1342 1366 sancti
1358 1338 1456 1373 angeli
1471 1337 1501 1365 in
1517 1337 1592 1366 coelo
1616 1347 1622 1365 :
1639 1337 1764 1366 benedi-

978 1388 1045 1414 cant
1055 1388 1081 1414 te
1098 1394 1202 1414 omnes
1215 1385 1351 1414 homines
1367 1393 1456 1422 super
1470 1386 1592 1413 terram.

1013 1435 1077 1461 Non
1091 1433 1190 1461 tradas
1206 1433 1307 1461 bestiis
1323 1433 1438 1473 animas
1460 1432 1666 1460 confitentium
1683 1432 1735 1460 tibi
1753 1440 1760 1459 z

977 1489 1030 1509 ora
1050 1483 1077 1509 te
1102 1480 1271 1508 canentium
1292 1488 1354 1508 non
1375 1480 1560 1508 obturentur.

1014 1528 1112 1557 Gloria
1130 1528 1215 1563 Patri,
1231 1530 1284 1556 etc.

1267 1611 1391 1637 Pennus
1409 1610 1471 1636 124.

1013 1671 1067 1705 Qui
1083 1670 1238 1699 confidunt
1253 1669 1283 1697 in
1296 1671 1334 1704 te,
1352 1671 1439 1698 Mater
1455 1670 1522 1698 Dei:
1540 1678 1602 1698 non
1615 1670 1762 1698 timebunt

977 1726 994 1746 a
1009 1718 1083 1746 facie
1098 1718 1220 1746 inimici.

1012 1765 1142 1794 Gaudete
1157 1766 1185 1793 et
1199 1765 1338 1800 exultate,
1351 1773 1455 1793 omnes
1470 1765 1522 1801 qui
1537 1765 1658 1800 diligitis
1673 1773 1758 1793 eam:

977 1813 1047 1849 quia
1063 1812 1220 1848 adjuvabit
1240 1820 1294 1840 vos
1310 1812 1339 1839 in
1361 1812 1408 1840 die
1429 1812 1628 1840 tribulationis
1645 1814 1759 1840 vestrae.

1013 1860 1209 1888 Reminiscere
1226 1859 1451 1887 miserationum
1466 1862 1593 1894 tuarum,
1610 1859 1736 1887 Domina
1753 1868 1759 1887 ε

977 1909 1004 1934 et
1018 1907 1119 1934 releva
1134 1906 1404 1942 peregrinationem
1419 1907 1566 1934 incolatus
1582 1906 1684 1934 nostri.

1012 1955 1156 1982 Converte
1171 1953 1333 1982 amabilem
1348 1953 1465 1981 vultum
1481 1955 1563 1981 tuum
1580 1961 1669 1989 super
1684 1961 1739 1982 nos
1753 1962 1759 1980 z

977 2000 1126 2029 confunde
1141 2003 1168 2028 et
1190 2001 1307 2028 destrue
1324 2009 1428 2029 omnes
1443 2001 1579 2028 inimicos
1597 2002 1724 2029 nostros.

1014 2050 1169 2078 Benedicta
1184 2050 1241 2077 sint
1253 2049 1354 2077 omnia
1368 2057 1460 2085 opera
1472 2057 1617 2077 manuum
1631 2051 1759 2083 tuarum,

978 2097 1119 2125 Domina:
1137 2096 1294 2124 benedicta
1309 2096 1367 2124 sint
1381 2096 1483 2124 omnia
1497 2098 1597 2124 sancta
1615 2096 1761 2124 miracula

977 2146 1035 2172 tua.
1053 2144 1152 2172 Gloria
1167 2143 1252 2178 Patri,
1269 2145 1323 2171 etc.

1263 2226 1388 2252 PSALmus
1408 2225 1469 2252 125.

1013 2289 1043 2315 ln
1072 2286 1275 2314 convertendo
1302 2286 1409 2313 faciem
1434 2288 1515 2313 tuam
1540 2285 1759 2313 serenissimam

975 2342 1064 2370 super
1079 2342 1151 2361 nos:
1169 2333 1331 2361 laetificabis
1346 2341 1410 2367 nos,
1433 2333 1569 2368 virginea
1592 2334 1680 2360 Mater
1698 2332 1757 2359 Dei.

1012 2381 1169 2409 Benedicta
1183 2380 1232 2415 sis,
1250 2388 1266 2408 o
1282 2380 1443 2407 sacrarium
1459 2379 1562 2407 Christi
1577 2388 1582 2407 :
1600 2387 1659 2415 prae
1671 2386 1758 2406 cunc-

976 2429 1010 2456 tis
1026 2427 1201 2455 mulieribus
1216 2435 1305 2463 super
1324 2429 1442 2455 terram.

1012 2474 1200 2503 Benedictum
1210 2474 1244 2501 sit
1257 2474 1422 2510 gloriosum
1434 2481 1545 2502 nomen
1558 2475 1641 2501 tuum
1654 2482 1660 2500 :
1674 2473 1757 2509 quod

976 2531 1010 2550 os
1028 2521 1143 2549 Domini
1160 2521 1334 2549 mirabiliter
1350 2521 1524 2549 nominavit.

1012 2572 1076 2597 Non
1102 2568 1219 2596 deficiat
1240 2569 1304 2597 laus
1326 2570 1375 2596 tua
1400 2568 1436 2595 de
1458 2568 1545 2595 labiis
1561 2567 1686 2601 nostris;
1703 2575 1756 2595 nec

976 2616 1102 2644 charitas
1117 2618 1167 2644 tua
1183 2616 1219 2644 de
1236 2615 1407 2652 primordiis
1422 2615 1538 2643 nostris.

1011 2663 1065 2698 Qui
1088 2665 1115 2692 te
1136 2663 1273 2700 diligunt,
1296 2662 1510 2691 benedicantur
1525 2670 1543 2690 a
1559 2664 1634 2690 Deo:
1658 2664 1685 2689 et
1704 2662 1755 2698 qui.
