2029 3052
586 161 627 194 IN
649 159 842 194 REGULAM
863 158 1055 193 FRATRUM
1079 161 1278 195 MINORUM.
1679 165 1738 196 575

127 228 234 269 magis
248 228 428 270 avaritiam,
445 238 545 271 quam
556 229 686 261 modum
702 227 900 267 divitiarum,

123 284 161 315 ut
175 283 251 315 dicit
265 283 467 324 Augustinus
480 284 500 315 ¹.
520 283 636 315 Dicitur
650 282 795 324 pecuniae
807 291 903 314 vocn-

123 337 200 369 bulo
223 337 326 377 large,
351 337 505 378 quidquid
524 336 739 378 temporaliter
760 335 901 376 posside-

124 393 189 422 tur.
215 390 304 423 Unde
325 390 527 431 Augustinus
550 391 631 422 libro
656 390 700 423 De
716 389 902 430 Disciplina

125 444 322 484 Christiana,
338 445 432 477 dieit³
445 457 451 477 ε
472 456 486 475 α
501 445 617 477 Totum
632 444 785 485 quidquid
800 443 902 475 homi-

123 507 180 530 nes
196 499 231 530 in
251 500 337 531 terra
357 499 528 540 possident,
553 499 660 530 onmia
680 508 818 540 quorum
844 498 902 529 do-

123 553 202 584 mini
217 555 302 593 sunt,
322 554 458 594 pecunia
472 555 616 592 vocatur,
633 553 700 585 sive
720 553 760 584 sit
775 561 900 591 servus,

123 607 190 639 sive
199 615 312 647 ager.»
327 607 398 639 Alio
410 608 503 639 modo
514 607 629 639 dicitur
637 607 774 648 pecunia
783 606 899 645 stricte,

123 660 210 701 quod
222 653 269 692 est
284 670 434 692 mensura
446 661 706 693 commutationis
722 669 847 698 rerum;
871 661 903 691 et

123 715 167 746 sic
185 715 337 756 accipitur
352 716 383 747 in
399 717 618 756 Apostolorum
635 716 737 755 Actis,
754 715 808 746 ubi
824 714 902 745 dici-

123 771 178 801 tur
192 771 226 801 ⁸:
247 769 389 803 Pecunia
412 773 468 803 tua
493 773 596 803 tecum
614 770 659 803 sit
682 771 719 802 in
742 769 903 810 perditio-

122 831 210 857 nem.
236 824 352 856 Volens
375 824 478 863 igitur
506 823 660 855 Dominus
687 832 744 864 per
769 832 901 855 servum

122 877 327 910 Franciscum
341 877 485 910 avaritiae
497 877 635 908 radicem
650 877 778 917 penitus
795 876 903 907 exclu-

122 931 196 962 dere
219 931 259 962 ab
286 930 381 962 horto
409 929 557 961 concluso
583 931 613 960 et
640 929 726 960 sonte
749 928 899 967 signato,

123 985 274 1026 praecepit
295 994 335 1016 ne
355 984 509 1024 recipient
532 984 644 1014 fratres
665 982 824 1021 denarios,
851 982 902 1014 vel

123 1039 307 1079 pecuniam,
333 1039 386 1072 vel
414 1039 515 1070 ullam
540 1038 772 1079 possessionem
802 1039 900 1069 terre-

122 1103 209 1134 nam,
228 1094 262 1125 in
279 1094 458 1135 pecoribus,
476 1094 544 1125 sive
566 1093 761 1133 generaliter
778 1093 811 1123 in
829 1102 899 1123 om·-

122 1147 228 1186 nibus,
244 1157 318 1188 quae
333 1149 552 1189 paupertatem
571 1147 759 1178 altissimam
780 1147 899 1178 labefa-

122 1201 222 1240 ciunt,
241 1204 271 1233 et
285 1202 445 1243 praecipue
459 1202 601 1242 loquitur
617 1201 662 1233 >de
682 1201 818 1242 pecunia
837 1210 899 1232 nu-

122 1257 255 1287 merata.
278 1255 345 1287 Hoc
371 1259 479 1287 autem
500 1256 640 1287 trahitur
662 1255 702 1286 ab
725 1255 900 1295 Evangelio

122 1308 265 1340 Matthaei
285 1309 295 1326 ¹
316 1321 323 1340 ε
350 1310 450 1342 Nolite
470 1309 633 1350 possidere
653 1317 780 1348 aurum,
801 1317 900 1349 neque

122 1366 293 1403 amentum
313 1387 322 1402 ,
365 1372 466 1404 neque
499 1365 671 1404 pecuniam
688 1388 698 1402 ,
737 1363 793 1394 ubi
827 1363 901 1394 dicit

122 1416 249 1449 Glossa:
273 1418 369 1449 «Duo
395 1420 467 1449 sunt
492 1428 612 1458 genera
626 1417 897 1449 necessariorum:

121 1480 224 1502 unum
247 1481 311 1512 quo
334 1473 511 1503 necessaria
530 1474 702 1510 emuntur;
724 1471 811 1502 aliud
833 1471 901 1511 ipsa

120 1526 316 1557 necessaria:
330 1536 386 1567 per
400 1527 569 1567 pecuniam
581 1527 615 1558 in
630 1527 728 1566 zonis,
746 1526 832 1557 unde
847 1525 901 1556 illa

121 1582 289 1619 eniuntur3
318 1590 375 1621 per
398 1590 518 1621 peram,
534 1581 619 1621 quod
645 1581 774 1617 emitur,
792 1591 806 1608 n
836 1581 896 1610 etc.

120 1632 225 1674 Hujus
246 1636 353 1666 autem
376 1635 575 1666 inhibitionis
599 1635 689 1665 sactae
717 1633 897 1674 Apostolis,

120 1689 241 1727 septem
265 1691 339 1719 sunt
354 1689 514 1729 praecipue
540 1689 698 1719 rationes:
724 1688 829 1728 prima
854 1690 901 1718 est

120 1742 306 1782 suspicionis
320 1743 472 1781 exclusio,
490 1743 529 1774 ad
551 1743 724 1773 efficaciam
746 1742 899 1782 praedica—

121 1796 242 1834 tionis;
273 1797 413 1827 secunda
441 1799 487 1827 est
514 1799 649 1827 terrenae
678 1796 899 1828 sollicitudinis

121 1850 258 1889 perfecta
272 1851 452 1891 extirpatio,
465 1851 505 1881 ad
515 1851 825 1881 commendationem
841 1859 900 1881 coe-

120 1903 207 1935 lestis
221 1905 431 1945 providentiae
447 1905 529 1935 circa
542 1904 624 1942 illos,
642 1905 699 1945 qui
715 1905 831 1936 divinis
846 1914 900 1936 va-

121 1960 194 1989 cant
210 1959 382 1999 ohsequiis.
412 1959 446 1989 Et
467 1959 525 1990 has
539 1959 619 1990 duas
641 1959 779 1990 rationes
794 1959 901 1998 tangit

121 2011 339 2053 Hieronymus
356 2013 389 2043 in
398 2012 505 2044 Glossa
520 2013 627 2044 dicens
638 2016 648 2032 ¹⁵
664 2025 670 2044 :
693 2025 707 2043 «
718 2014 750 2044 Si
760 2014 829 2045 haec
845 2014 900 2044 ha-

120 2067 243 2106 berent,
262 2077 327 2099 non
342 2068 528 2100 viderentur
550 2078 646 2100 causa
662 2069 773 2100 salutis
795 2069 900 2100 homi—

120 2130 200 2152 num
222 2121 406 2162 praedicare,
429 2123 482 2153 sed
506 2123 605 2161 lucri3
623 2125 800 2164 ,propterea
825 2124 899 2155 vitae

120 2177 300 2207 necessaria
324 2179 486 2217 amputat,
511 2180 547 2208 ut
567 2177 729 2217 Apostoli,
757 2178 900 2209 doctores

121 2238 207 2260 verae
222 2230 399 2269 religionis,
425 2231 479 2270 qui
500 2231 702 2262 instruebant
720 2231 829 2262 omnia
850 2231 898 2262 di-

121 2283 196 2314 vina
220 2284 420 2323 providentia
440 2284 627 2324 gubernari,
656 2285 774 2325 seipsos
794 2287 899 2316 osten-

121 2336 232 2367 derent
246 2337 326 2368 nihil
341 2338 483 2377 cogitare
499 2338 536 2369 de
547 2339 697 2370 crastino.
709 2350 723 2368 ))
744 2338 818 2370 Haec
829 2339 900 2370 Ilie-

121 2399 290 2431 ronymus.

162 2444 267 2476 Tertia
282 2454 376 2476 causa
390 2445 489 2485 hujus
506 2446 645 2476 mandati
663 2448 709 2476 est
730 2446 899 2479 declaratio

122 2498 251 2530 virtutis
266 2499 366 2538 ipsius
387 2499 513 2529 Domini
527 2499 712 2531 Salvatoris.
732 2499 821 2531 Unde
842 2510 900 2541 pro

155 2562 161 2576 ¹
184 2564 258 2593 Aug,
274 2561 305 2586 (le
325 2562 400 2587 Cz'cz't.
420 2562 479 2592 Dei,
494 2562 537 2586 lib.
560 2563 619 2592 vn,
636 2571 657 2588 c.
677 2569 722 2587 xii.
740 2577 765 2580 -
783 2564 791 2578 ²
807 2564 853 2594 id„
870 2564 900 2588 {le

123 2597 230 2629 Dz'scipl.
243 2598 348 2624 Clu-ist„
364 2605 390 2622 n.
407 2600 429 2621 6.
446 2611 476 2616 -—
491 2598 500 2614 ³
515 2599 581 2629 Act,
599 2604 655 2628 ¹:111,
672 2601 710 2622 20.
728 2613 758 2616 —
774 2599 783 2615 ¹*
798 2600 899 2630 Mami„

122 2637 153 2663 X,
179 2635 200 2658 0.
227 2647 257 2651 —
282 2635 292 2651 ὅ
316 2634 464 2665 Hieronym.
491 2647 522 2652 —
544 2635 554 2650 3
580 2634 722 2666 Chrysost„
748 2637 772 2659 in
795 2636 898 2665 Mam„

122 2668 193 2693 hom.
215 2675 304 2701 xxxn,
320 2670 351 2694 al.
369 2676 462 2701 xxxin,
482 2677 506 2695 n.
529 2671 551 2694 4.
571 2683 597 2687 —
618 2671 625 2685 ⁷
642 2671 711 2701 Luc„
726 2677 795 2702 xxii,
813 2673 851 2696 35.
868 2685 898 2689 —

957 227 1026 260 istis
1039 229 1143 261 tribus
1157 230 1261 262 causis
1282 229 1357 261 dicit
1373 228 1620 270 chrysostomus
1642 238 1739 272 super

957 283 1147 316 Macchoeum
1165 284 1175 301 ⁶
1192 295 1199 316 ι
1221 283 1349 315 «Multa
1368 292 1425 324 per
1442 283 1502 315 hoc
1524 293 1626 316 unum
1648 294 1736 317 com-

958 337 1143 369 mendavit:
1168 338 1309 378 primum
1334 338 1464 379 quidem
1489 347 1554 369 non
1575 341 1737 380 suspectos

956 390 1072 422 faciens
1093 391 1260 432 Apostolos
1278 404 1286 430 ;
1315 393 1454 424 secundo
1478 401 1594 424 eruens
1616 402 1670 425 eos
1697 394 1737 425 ab

957 445 1045 475 omni
1060 446 1284 485 sollicitudine,
1302 448 1338 477 ut
1352 446 1550 478 vacationem
1570 446 1623 478 Dei
1639 448 1738 480 verbo

956 499 1100 531 tribuant
1111 511 1118 538 ;
1138 501 1234 532 tertio
1250 500 1366 532 docens
1385 510 1439 532 eos
1458 510 1550 532 suam
1571 501 1736 533 virtutem.

956 551 1023 583 Hoc
1036 561 1151 594 nempe
1164 555 1273 594 postea
1287 554 1362 586 dicit
1371 554 1381 572 ¹
1397 565 1404 586 ε
1421 554 1594 595 Numquid
1608 555 1739 596 aliquid

956 606 1064 646 defuit
1081 607 1177 647 vobis,
1194 609 1324 648 qnando
1339 610 1417 641 misi
1432 617 1487 642 vos
1511 609 1617 642 nudos
1633 611 1663 642 et
1683 609 1739 642 di-

955 661 1126 694 scalceatos
1137 662 1153 693 Ρ
1177 661 1296 699 Quarta
1310 672 1405 694 causa
1421 665 1467 694 est
1481 663 1618 703 perfecta
1632 664 1738 696 omnis

956 715 1075 746 amoris
1101 715 1257 747 mundani
1279 716 1467 757 extirpatio,
1493 717 1569 758 quia
1596 717 1738 750 maxime

956 768 1042 800 inter
1056 770 1269 809 possessiones
1283 770 1413 810 cupidas
1429 770 1531 802 solent
1552 771 1663 802 haberi
1678 781 1738 812 pe-

955 823 1072 854 cuuiae.
1091 823 1172 854 Dicit
1188 824 1274 855 enirn
1291 823 1463 855 Salomon⁸
1481 835 1488 855 :
1507 824 1655 857 Pecuniae
1672 825 1739 857 obe-

956 876 1053 909 diunt
1067 878 1187 915 omnia,
1205 880 1262 908 ete.
1280 880 1291 896 ⁹
1308 888 1315 909 :
1332 878 1461 910 Avarus
1476 886 1541 910 non
1556 879 1740 919 implebitur

953 932 1104 971 pecunia.
1120 931 1159 962 Et
1174 931 1373 971 Ambrosius,
1395 933 1437 964 De
1456 933 1584 972 Officiis
1599 933 1640 965 ¹⁰:
1658 933 1741 965 «Do-

955 985 1065 1016 minus
1092 985 1131 1016 ad
1153 985 1323 1026 discipulos
1354 987 1424 1018 ait:
1451 987 1554 1020 Nolite
1576 988 1740 1028 possidere

956 1047 1083 1079 aurum,
1100 1048 1200 1080 neque
1214 1042 1393 1081 amentum,
1417 1050 1482 1080 quo
1496 1041 1584 1073 velut
1604 1041 1683 1073 falce
1706 1042 1742 1073 in

956 1093 1100 1125 humano
1113 1096 1240 1134 pectore
1257 1094 1389 1126 succidit
1406 1095 1617 1135 pullulantem
1632 1096 1742 1127 avari-

955 1147 1045 1178 tiam.
1061 1158 1075 1176 »
1096 1147 1346 1188 Chrysostomus
1368 1158 1464 1189 super
1479 1149 1563 1180 idem
1579 1150 1599 1166 ¹¹
1617 1160 1623 1180 :
1646 1161 1661 1179 «
1676 1149 1741 1181 Ra-

956 1201 1058 1232 dicem
1076 1203 1235 1234 malorum
1252 1203 1417 1234 confestim
1433 1203 1585 1243 evellens,
1603 1204 1647 1235 ait
1664 1215 1671 1235 ε
1693 1205 1740 1237 Ne

955 1255 1151 1295 possideatis
1173 1265 1306 1296 auriam,
1335 1265 1435 1297 neque
1458 1261 1639 1298 amentum.
1667 1258 1738 1290 Non

956 1309 1036 1340 dixit
1060 1320 1066 1340 ;
1101 1309 1171 1341 Non
1194 1310 1324 1350 accipite
1352 1311 1535 1350 vobiscum3
1561 1312 1614 1343 sed
1642 1312 1740 1343 etiam

956 1363 982 1393 si
997 1363 1144 1403 possibile
1160 1364 1199 1395 sit
1215 1364 1344 1396 aliunde
1359 1365 1512 1406 accipere,
1537 1366 1642 1406 fugite
1652 1367 1736 1407 peri-

956 1417 1098 1448 culosam
1107 1417 1190 1449 hanc
1205 1419 1463 1458 aegritudinem.»

997 1471 1113 1508 Quinta
1136 1481 1232 1503 causa
1255 1475 1318 1512 est,
1343 1475 1378 1504 ut
1401 1475 1521 1504 statum
1546 1473 1738 1505 innocentiae

955 1525 1100 1565 perditae,
1121 1528 1157 1556 ut
1172 1528 1240 1557 erat
1253 1527 1415 1566 possibile,
1433 1529 1612 1565 renovaret,
1629 1527 1663 1557 in
1676 1537 1740 1567 qua

956 1579 983 1608 si
995 1579 1093 1610 homo
1108 1579 1255 1617 stetisset,
1269 1580 1378 1611 omnia
1392 1580 1526 1613 fuissent
1540 1581 1735 1620 communia,

958 1635 988 1664 et
1003 1634 1091 1664 nulla
1105 1634 1282 1674 proprietas
1297 1636 1458 1666 contracta
1474 1635 1583 1666 fuisset
1599 1636 1638 1666 ad
1652 1635 1736 1666 mul-

958 1689 1127 1720 titudinem
1160 1689 1318 1730 aliquam,
1348 1690 1400 1722 vel
1434 1699 1614 1730 personam.
1649 1689 1739 1722 Unde

957 1743 1200 1784 Chrysostomus
1222 1744 1296 1775 dicit
1311 1745 1343 1783 ¹¹,
1370 1745 1456 1785 quod
1485 1745 1546 1776 hoc
1573 1746 1670 1784 dixit,
1701 1749 1739 1777 ut

956 1798 1146 1829 (100021-ete0s
1163 1798 1202 1828 ad
1212 1800 1341 1836 statum,
1359 1799 1390 1829 in
1404 1808 1469 1839 quo
1480 1799 1577 1831 homo
1588 1802 1655 1831 erat
1666 1802 1739 1831 ante

957 1853 1133 1891 peccatum,
1150 1861 1325 1883 recurrere.

998 1906 1094 1937 Sexta
1106 1908 1186 1938 ratio
1198 1909 1245 1938 est
1257 1909 1295 1938 ad
1311 1907 1488 1939 doctrinam
1499 1909 1738 1948 perfectissimas

956 1961 1121 2000 libertatis,
1139 1961 1225 2001 quia,
1243 1963 1279 1992 ut
1293 1962 1369 1992 dicit
1383 1962 1598 2003 Hieronymus
1612 1964 1646 1995 in
1667 1964 1738 2005 Epi-

957 2015 1036 2045 stola
1052 2015 1096 2045 12;
1129 2014 1258 2046 «Nemo
1281 2016 1451 2055 perfectius
1477 2019 1607 2056 erogat,
1638 2028 1737 2058 quam

956 2068 1011 2108 qui
1033 2068 1113 2098 nihil
1135 2069 1194 2099 sibi
1224 2071 1375 2100 reservat.
1396 2080 1411 2098 n
1438 2069 1476 2101 Et
1499 2070 1525 2101 si
1547 2071 1669 2104 beatius
1692 2075 1738 2105 est

956 2121 1044 2160 dare,
1067 2131 1162 2162 quam
1182 2124 1334 2163 accipere,
1360 2125 1395 2154 ut
1414 2123 1529 2154 dicitur
1551 2125 1585 2155 in
1599 2125 1735 2165 Actis¹³‚

956 2176 1160 2207 beatissimus
1181 2179 1238 2215 est,
1257 2178 1313 2217 qui
1333 2177 1442 2208 omnia
1458 2187 1516 2209 sua
1530 2179 1626 2218 dedit,
1643 2182 1684 2219 et,
1702 2183 1738 2211 ut

956 2232 1003 2260 est
1017 2230 1175 2269 possibile,
1192 2231 1385 2270 paucissima
1400 2241 1417 2262 e
1432 2234 1542 2263 contra
1552 2233 1674 2274 recipit.

998 2282 1142 2323 Septima
1164 2294 1259 2315 causa
1274 2287 1320 2315 est
1335 2285 1472 2317 indivisa
1487 2287 1590 2318 cordis
1604 2287 1736 2319 intentio

956 2339 1039 2369 circa
1053 2339 1316 2379 praedicationem
1335 2341 1425 2372 verbi
1446 2342 1510 2373 Dei.
1530 2342 1618 2374 Unde
1638 2343 1737 2384 Chry-

956 2396 1115 2424 sostomus
1135 2394 1154 2410 ¹¹
1178 2403 1274 2434 super
1298 2394 1382 2425 idem
1410 2406 1416 2426 :
1447 2396 1550 2427 «Orbi
1573 2398 1734 2428 terrarum

956 2446 1038 2478 Deus
1065 2448 1208 2479 doctores
1231 2448 1389 2479 missurus
1413 2452 1502 2480 erat:
1523 2453 1653 2491 propter
1675 2452 1735 2483 hoc

956 2501 1090 2541 angelos
1099 2511 1152 2533 eos
1159 2511 1199 2533 ex
1209 2502 1395 2534 hominibus
1409 2504 1581 2544 constituit,
1592 2505 1631 2536 ab
1646 2506 1734 2536 omni

955 2600 965 2616 ⁸
982 2600 1071 2630 [11001οἾ
1092 2607 1124 2632 x,
1149 2604 1186 2626 19.
1206 2616 1235 2620 —
1258 2603 1268 2619 9
1286 2602 1360 2633 lbid.,
1381 2608 1404 2633 v,
1427 2604 1448 2627 9.
1468 2616 1498 2621 —
1521 2604 1539 2619 ¹⁰
1560 2604 1687 2635 Ambros.,
1705 2605 1734 2630 (le
1761 2633 1764 2635 ,

957 2636 1040 2667 offic„
1063 2636 1106 2661 lib.
1131 2638 1167 2667 11,
1192 2645 1214 2661 c.
1235 2644 1294 2669 axv,
1314 2646 1340 2661 11.
1362 2639 1415 2661 128.
1438 2652 1468 2656 -—
1489 2640 1508 2656 ¹¹
1530 2639 1670 2671 Chrysost.,
1690 2641 1734 2665 ubi

957 2679 1013 2702 sup.
1030 2686 1060 2690 -
1076 2673 1095 2689 ¹²
1111 2672 1216 2698 Hieron.
1231 2687 1260 2691 -
1278 2674 1297 2690 ¹³
1312 2675 1379 2704 Act„
1393 2680 1438 2705 xx,
1454 2676 1492 2699 35.
