2029 3052
467 210 724 244 PSALTERlUM
745 210 871 243 MINUS
894 211 1040 243 BEATAE
1065 211 1206 243 MARIAE
1227 209 1417 244 VIRGINIS.

283 283 354 316 Ave,
370 280 470 316 Virgo,
486 287 538 308 eor
552 281 693 308 ornatum
703 301 710 314 ,

250 329 332 362 Vela,
348 335 462 364 quaeso,
479 335 517 355 ne
531 327 687 363 peccatum

249 375 352 404 verbis
366 383 470 411 parem
486 382 638 410 excusare,

249 423 325 450 Doce
340 422 474 457 linguam
487 421 652 449 refraenare.

284 472 355 505 Ave,
370 469 471 506 Virgo,
487 469 527 497 da
541 471 608 506 post
623 469 736 497 luctum

249 516 349 546 Mundi
361 517 461 552 hujus,
477 516 547 545 hine
562 516 715 551 eductum,

248 563 351 592 Phoebi
366 563 450 591 vultu
465 563 593 591 clariora

248 613 290 639 Me
305 610 408 639 videre
423 610 527 638 Christi
544 618 607 638 ora.

285 661 356 693 Ave,
370 666 476 693 regum
491 657 551 686 alta
566 658 678 694 proles,

249 707 290 734 Tu
302 713 362 740 me,
376 705 479 740 Virgo,
492 704 568 732 siout
582 704 671 740 soles,

249 752 292 780 Ad
308 754 336 780 te
350 751 434 780 salva
448 751 623 787 fugientem,

249 800 339 827 Serva
351 798 403 827 tibi
417 797 633 835 procidentem.

284 848 355 881 Ave,
369 845 460 874 arbor
474 845 548 873 mire
560 846 649 880 culta,

249 892 338 928 Virgo
352 892 470 929 pollens
484 892 575 921 laude
590 892 695 928 multa,

251 940 282 967 ln
298 947 359 976 qua
373 941 449 968 Deus
463 948 531 968 cum
547 940 712 975 descendit,

249 987 374 1015 Foedum
388 987 463 1015 nihil
478 987 686 1024 deprehendit.

285 1037 356 1070 Ave,
372 1034 471 1071 Virgo,
489 1043 556 1071 quae
572 1034 686 1063 lactasti

252 1082 347 1110 Suave
362 1081 477 1117 lumen,
491 1082 575 1118 quod
590 1081 722 1117 gustasti,

253 1130 285 1156 Et
298 1128 329 1156 in
344 1129 419 1157 coelo
438 1131 537 1157 mente
552 1128 623 1162 fixa,

252 1175 341 1204 Stella
355 1176 455 1204 Solem
468 1184 498 1204 es
512 1176 610 1205 enixa.

288 1226 358 1260 Ave,
375 1223 495 1252 botrum
510 1223 607 1252 ferens
622 1223 699 1259 vitis,

160 1322 193 1354 (α)
211 1322 272 1348 Coee.
288 1323 348 1348 edit.
365 1331 438 1356 quas.

1095 281 1148 308 Per
1163 287 1255 316 quam
1270 279 1357 315 pulsa
1372 278 1477 306 mundi
1492 277 1565 314 sitis,

1097 328 1158 355 Lux
1173 328 1216 354 est
1231 325 1314 354 eaecis
1330 327 1503 362 restaurata,

1096 374 1127 401 Et
1141 373 1263 401 libertas
1278 373 1383 401 vinctis
1400 373 1478 401 data.

1131 422 1201 454 Ave,
1217 420 1286 448 felix
1303 420 1334 448 in
1348 422 1485 456 septenas

1094 467 1200 502 Sparsa
1215 466 1323 502 stellas,
1341 476 1407 504 quae
1423 467 1459 503 (a)
1473 474 1593 496 serenas

1094 513 1251 541 Christiani
1267 513 1348 542 orbis
1362 522 1433 542 rura

1093 561 1168 588 Luce
1184 568 1339 597 nunquam
1354 569 1506 590 occasura.

1132 609 1203 642 Ave,
1219 616 1320 635 rerum
1336 609 1442 643 potens
1458 608 1538 643 diva,

1095 655 1198 682 Mensae
1217 655 1310 685 Deitu
1326 655 1464 690 conviva,

1093 703 1133 728 Tu
1149 701 1318 729 medullam
1335 701 1374 729 da
1389 702 1529 730 frumenti

1093 751 1202 778 Tecum
1217 750 1290 778 mihi
1307 750 1517 779 discumbenti.

1131 800 1203 833 Ave,
1218 800 1279 827 tota
1294 799 1434 827 dealbata

1094 846 1193 881 Virgo,
1212 846 1259 874 eui
1275 849 1448 882 comparata

1095 894 1177 922 Luna
1190 893 1278 929 nigra
1292 896 1456 930 reputatur,

1097 940 1147 968 Sol
1162 949 1230 968 cum
1246 941 1338 969 stellis
1351 941 1539 970 obscuratur.

1131 990 1202 1022 Ave,
1218 987 1319 1023 Virgo,
1333 996 1399 1024 quae
1414 988 1531 1023 laetaris,

1095 1036 1127 1062 Et
1141 1034 1275 1063 exultans
1289 1035 1426 1071 gloriaris

1095 1083 1135 1110 De
1151 1083 1294 1111 virtutum
1306 1084 1349 1111 tot
1364 1083 1522 1119 unguentis

1097 1131 1129 1157 ln
1145 1130 1236 1158 cubili
1251 1132 1308 1158 tuae
1323 1130 1439 1159 mentis.

1130 1179 1201 1211 Ave,
1217 1177 1299 1205 sidus
1314 1177 1490 1214 principale,

1097 1224 1183 1252 Alma
1197 1224 1247 1252 Dei
1264 1227 1361 1259 Mater,
1377 1224 1459 1259 vale,

1096 1272 1127 1299 ln
1142 1273 1285 1300 aeternum
1301 1273 1480 1300 aeternorum

1096 1318 1189 1354 Digna
1205 1327 1279 1347 sono
1295 1319 1516 1355 cymbalorum.
1533 1320 1636 1346 Amen.

1697 211 1755 240 1195
