2029 3052
878 210 1008 243 CAPUT
1029 211 1081 244 VI.

169 281 225 313 uhi
246 281 380 321 locetur,
402 290 468 312 non
492 281 601 321 curat3
627 281 662 312 ut
689 280 924 312 transmutetur
937 304 945 319 ,

168 345 234 367 non
249 336 362 375 instat3
379 337 508 368 eve‘ctus
531 336 570 368 ad
586 335 737 375 officium,
755 335 882 366 solitam
896 336 947 366 te-

168 391 222 421 net
236 390 469 428 humilitatem3
487 389 559 430 plus
573 389 760 427 honoratus,
772 388 844 429 plus
856 398 948 429 repu-

168 444 213 474 tat
228 452 262 475 se
277 443 461 484 indignum.
484 443 567 475 Dixit
577 443 749 484 aliquando
765 442 849 474 socio
865 452 944 474 suo:

166 496 236 529 Non
250 497 331 528 mihi
350 497 461 530 videor
474 497 573 529 frater
590 497 705 536 Minor,
720 496 781 527 nisi
801 496 891 527 fuero
913 496 947 527 in

165 552 263 590 statu,
275 560 371 592 quem
385 551 442 582 tibi
464 551 670 592 descripsero.
695 550 774 582 Ecce
793 550 946 591 praelatus

164 604 304 635 existens
326 605 472 645 fratrum,
500 605 581 637 vado
603 605 640 636 ad
654 604 847 645 Capitulum,
865 613 945 645 prae-

164 658 245 698 dico,
264 660 295 690 et
309 668 498 691 commoneo
513 660 637 698 fratres,
659 661 690 690 et
705 659 738 690 in
750 659 815 690 fine
831 659 946 690 dicitur

164 713 274 744 contra
286 722 338 744 me
352 723 359 744 :
378 712 449 745 Non
463 713 615 745 convenis
631 713 733 752 nobiS,
751 712 828 753 quia
843 712 947 744 illitte-

163 767 253 797 ratus
267 774 312 805 eS,
328 767 477 806 elinguis,
488 767 585 798 idiota
600 769 630 798 et
644 767 791 807 simplex,
804 766 946 798 Tandem

163 819 272 860 ejicior
295 829 370 851 cum
392 820 574 861 opprobrio,
592 820 646 852 vili
652 829 768 861 pensus
782 821 822 851 ab
837 821 946 852 omni-

163 873 235 904 bus.
250 873 324 905 Dico
338 873 408 913 tibi,
423 874 484 905 nisi
496 875 608 906 eodem
621 875 726 914 vultu,
738 875 849 906 eadem
861 884 947 906 men-

162 926 202 957 tis
216 927 338 967 laetitia,
351 929 381 959 et
392 928 504 960 eodem
516 929 691 960 sanctitatis
703 929 865 969 proposito
875 929 946 961 haec

162 981 261 1013 verba
291 982 445 1021 audiero,
480 982 578 1014 frater
610 982 713 1013 Minor
739 992 944 1024 nequaquam

163 1042 248 1065 sum.
274 1035 313 1066 Et
336 1036 494 1067 addebat:
513 1036 549 1067 ln
569 1036 754 1076 praelatione
777 1045 882 1076 casus,
912 1037 943 1068 in

161 1088 255 1119 laude
270 1090 496 1130 praecipitiurn,
511 1090 545 1121 in
556 1090 736 1122 humilitate
751 1091 868 1122 subditi
879 1091 945 1122 ani-

162 1143 207 1174 mi
217 1143 346 1175 lucrum
361 1147 417 1175 est.
433 1144 498 1176 Cur
513 1154 594 1185 ergo
608 1145 757 1185 periculis
772 1146 944 1186 plusquam

161 1197 260 1228 lucris
274 1198 482 1238 attendimus,
499 1208 573 1230 cum
588 1200 804 1240 acceperimus
818 1202 944 1241 tempus

162 1250 202 1281 ad
226 1250 376 1283 lucrum?
392 1252 457 1283 Hac
471 1252 573 1292 igitur
590 1253 628 1284 de
642 1263 739 1284 causa
752 1254 944 1285 humilitatis

161 1303 264 1334 forma
280 1304 466 1337 Franciscus
487 1306 601 1337 fratres
615 1315 690 1338 suos
709 1307 812 1338 voluit
837 1309 943 1339 vocari

161 1357 309 1397 Minores,
333 1361 364 1390 et
378 1359 529 1391 Praelatos
546 1360 596 1391 sui
619 1361 739 1392 ordinis
760 1361 819 1392 dici
845 1361 942 1392 Mini—

161 1413 253 1451 stros,
270 1414 306 1443 ut
320 1408 351 1444 et
365 1413 472 1445 verbis
487 1415 632 1445 uteretur
656 1414 834 1454 Evangelii,
856 1416 942 1456 quod

160 1466 331 1498 observare
346 1467 545 1507 promiserat,
564 1469 595 1499 et
609 1477 649 1499 ex
668 1468 735 1508 ipso
750 1469 879 1500 nomine
894 1470 943 1500 di—

159 1522 283 1551 scerent
308 1520 455 1561 discipuli
482 1522 563 1562 eJus,
588 1522 672 1562 quod
696 1522 734 1553 ad
759 1523 942 1554 discendam

158 1573 374 1605 humilitatem
398 1575 438 1605 ad
457 1575 581 1606 scholas
601 1575 733 1607 humilis
753 1576 869 1608 Christi
884 1587 941 1609 ve-

158 1627 290 1658 nissent.
309 1627 462 1667 Magister
477 1628 633 1669 siquidem
646 1629 836 1661 humilitatis
849 1631 865 1662 J
869 1641 941 1662 esus

159 1680 312 1719 Christus,
329 1683 365 1712 ut
378 1682 565 1713 informaret
579 1683 750 1723 discipulos
772 1685 812 1715 ad
832 1685 940 1716 humi-

157 1734 278 1765 litatem
303 1735 485 1775 perfectam,
507 1736 608 1766 dixit¹
631 1747 638 1767 :
667 1737 861 1778 Quicumque
884 1747 938 1771 vo-

158 1788 256 1821 luerit
270 1790 420 1821 intervos
435 1789 539 1829 major
554 1790 640 1828 fieri,
655 1792 700 1822 sit
714 1795 817 1824 vester
839 1794 938 1825 mz'm'-

158 1844 242 1874 scer:
259 1845 289 1875 ec
300 1844 490 1883 quicumque
503 1843 638 1876 voluerit
651 1845 735 1876 inter
747 1846 801 1877 vos
812 1848 939 1886 primus

158 1903 234 1934 esse,
253 1897 314 1928 eric
338 1899 439 1928 vester
459 1904 583 1928 servus.
607 1898 686 1928 Cum
708 1901 815 1929 autem
832 1901 938 1940 requi-

157 1952 241 1980 reret
255 1950 294 1980 ab
305 1959 342 1981 eo
355 1950 508 1981 Dominus
524 1950 686 1989 Ostiensis,
702 1953 821 1983 ordinis
837 1953 938 1985 Mino-

156 2011 230 2033 rum
247 2002 422 2041 Protector,
439 2006 469 2034 et
484 2006 648 2044 promotor
669 2006 862 2046 praecipuus,
883 2009 939 2048 qui

157 2058 379 2097 postmodum,
402 2059 499 2098 juxta
524 2059 609 2099 quod
631 2059 716 2091 idem
740 2061 790 2091 vir
812 2064 940 2093 sanctus

158 2111 362 2150 praedixerat,
380 2112 419 2143 ad
432 2122 596 2143 summum
615 2114 819 2153 pontificatus
836 2116 937 2146 subli-

157 2166 264 2195 matus
274 2165 440 2205 honorem,
458 2166 635 2206 Gregorius
646 2178 751 2200 nonus
764 2171 811 2201 est
823 2170 935 2210 dictuS,

157 2219 268 2248 utrum
283 2218 343 2248 sibi
359 2219 497 2259 placeret
512 2220 595 2259 quod
607 2221 717 2252 fraires
732 2223 783 2253 sui
807 2233 935 2263 promo-

157 2274 310 2303 verentur
322 2273 361 2303 ad
374 2272 599 2305 ecclesiasticas
610 2275 794 2315 dignitates,
810 2287 937 2318 respon-

156 2325 202 2356 dit
218 2335 225 2357 :
242 2325 386 2364 Domine,
410 2327 548 2358 minores
567 2327 638 2358 ideo
661 2330 761 2360 vocati
782 2333 858 2361 sunt
872 2332 934 2363 fra-

156 2381 220 2410 tres
235 2380 308 2418 mei,
326 2381 362 2410 ut
377 2380 516 2420 majores
542 2381 611 2411 fieri
633 2391 698 2412 non
723 2388 932 2422 praesumant.

157 2433 190 2464 Si
206 2433 303 2464 vultis
318 2437 353 2464 ut
368 2434 484 2464 faciant
494 2434 633 2466 fructum
649 2436 683 2466 in
706 2437 844 2469 Ecclesia
870 2440 932 2479 Dei,

156 2488 260 2517 tenete
275 2487 356 2525 illos,
372 2490 403 2518 et
418 2491 601 2519 conservate
616 2489 649 2519 in
662 2492 745 2521 statu
759 2493 934 2524 vocationis

157 2549 279 2579 eorum,
297 2543 328 2571 et
342 2541 381 2572 ad
394 2542 596 2581 praelatioues
619 2543 843 2576 ecclesiasticas
859 2547 932 2577 nul-

155 2593 279 2624 latenus
305 2595 472 2626 ascendere
493 2596 696 2636 permittatis.
722 2599 758 2628 Et
780 2600 934 2639 quoniam

156 2646 368 2679 humilitatem
393 2651 458 2679 tam
483 2649 517 2679 in
537 2659 581 2687 se,
605 2660 702 2690 quam
724 2652 758 2682 iu
781 2652 930 2693 subditis,

188 2709 196 2726 ¹
211 2709 302 2740 Marc„
318 2716 343 2741 x,
359 2712 441 2736 43-44.
455 2724 486 2729 —
501 2712 509 2726 ²
525 2712 591 2744 Luc,
610 2719 662 2744 xiv,
678 2716 714 2738 Μ.

1727 216 1786 245 313

1002 280 1126 311 cunctis
1142 281 1331 321 praeferebat
1341 280 1528 320 honoribus,
1547 282 1671 313 amator
1680 281 1786 313 humi-

1001 333 1082 365 lium
1097 334 1180 366 Deus
1195 335 1362 367 altioribus
1385 335 1492 376 ipsum
1509 335 1644 375 dignum
1657 336 1783 376 judica-

1002 388 1056 419 bat
1071 388 1217 429 fastigiis,
1233 390 1411 421 secundum
1427 390 1512 431 quod
1524 390 1580 421 uni
1596 390 1697 429 fratri,
1713 391 1784 423 viro

1001 442 1131 474 virtutis
1147 445 1178 474 et
1198 443 1378 475 devotionis
1399 444 1581 484 praecipuae,
1599 444 1680 476 visio
1695 445 1782 476 coeli-

1001 498 1053 527 tus
1072 497 1198 528 ostensa
1219 498 1420 530 monstravit.
1448 498 1527 530 Cum
1548 499 1634 530 enim
1654 500 1736 530 esset
1751 499 1785 530 in

1001 550 1155 581 comitatu
1171 550 1231 581 viri
1249 551 1315 589 Dei,
1332 553 1363 583 et
1384 562 1448 583 una
1471 561 1547 583 cum
1565 553 1633 592 ipso
1651 552 1686 584 in
1701 562 1781 593 qua-

1000 604 1074 635 dam
1090 604 1222 635 ecclesia
1240 605 1364 636 deserta
1379 606 1514 638 ferventi
1529 608 1636 638 oraret
1655 607 1783 646 affectu,

1001 658 1034 688 in
1050 658 1161 689 ecstasi
1177 658 1288 697 factus,
1313 659 1393 690 vidit
1414 659 1496 691 inter
1520 660 1638 692 multas
1655 661 1690 691 in
1705 661 1785 693 coelo

1000 712 1101 751 sedes,
1119 722 1218 744 unam
1233 722 1300 754 prae
1313 713 1437 744 caeteris
1454 713 1647 754 digniorem,
1665 715 1784 755 pretio-

1001 766 1045 797 sis
1061 769 1207 798 ornatam
1231 767 1391 808 lapidibus
1407 769 1437 798 et
1461 767 1549 799 omni
1566 767 1673 808 gloria
1690 769 1785 800 reful-

1001 822 1145 860 gentem.
1163 821 1296 853 Miratus
1310 822 1395 853 intra
1410 831 1443 853 se
1464 822 1607 863 praecelsi
1622 823 1785 863 refulgen-

999 875 1078 906 tiam
1091 875 1210 913 throni,
1231 876 1328 907 anxia
1345 876 1441 917 coepit
1455 876 1647 916 cogitatione
1658 878 1784 918 perqui-

999 937 1081 968 rere,
1101 929 1172 969 quis
1187 930 1227 961 ad
1243 930 1336 961 illum
1358 930 1487 962 deberet
1502 932 1635 962 assumi.
1651 931 1785 964 Audivit

999 981 1083 1013 inter
1099 983 1170 1014 haec
1193 993 1306 1015 vocem
1326 984 1484 1017 dicentem
1503 986 1563 1016 sibi
1583 997 1589 1016 :
1608 985 1705 1017 Sedes
1724 986 1785 1017 ista

998 1036 1096 1067 unius
1110 1037 1149 1068 de
1163 1037 1331 1068 ruentibus
1345 1038 1417 1077 fuit,
1437 1040 1468 1069 et
1484 1048 1572 1070 nunc
1586 1039 1703 1071 humili
1716 1049 1782 1070 ser-

999 1092 1093 1122 vatur
1108 1090 1288 1122 Francisco.
1307 1091 1465 1123 Reversus
1481 1093 1614 1124 demum
1633 1093 1730 1125 frater
1744 1093 1785 1124 ad

998 1153 1032 1175 se
1047 1144 1086 1174 ab
1100 1145 1253 1175 orationis
1267 1154 1411 1184 excessu,
1430 1146 1536 1178 virum
1552 1147 1682 1177 beatum
1697 1148 1783 1178 exte-

998 1198 1068 1228 rius
1094 1198 1305 1238 prodeuntem
1328 1199 1421 1230 solito
1445 1200 1506 1231 fuit
1529 1209 1617 1231 more
1642 1203 1781 1232 secutus

999 1251 1154 1292 Cumque,
1172 1252 1354 1284 incedentes
1371 1263 1427 1294 per
1443 1254 1542 1292 viam,
1565 1254 1603 1285 de
1617 1254 1680 1285 Deo
1695 1255 1782 1287 invi—

999 1314 1067 1336 cem
1076 1306 1294 1346 loquerentur,
1308 1308 1403 1338 frater
1416 1308 1478 1347 ille,
1498 1308 1627 1339 visionis
1639 1318 1705 1340 suae
1717 1319 1783 1341 non

998 1359 1180 1398 immemor,
1206 1360 1338 1392 solerter
1348 1361 1388 1392 ab
1411 1370 1448 1392 eo
1464 1362 1626 1402 quaesivit,
1652 1363 1729 1403 quid
1744 1364 1783 1395 de

998 1413 1101 1453 seipso
1112 1415 1254 1445 sentiret.
1264 1414 1312 1445 Ad
1319 1424 1417 1454 quem
1424 1415 1588 1446 humiliter
1598 1416 1712 1447 Christi
1720 1426 1784 1448 ser-

997 1476 1058 1500 vus
1076 1467 1220 1506 :Videor,
1232 1469 1286 1506 ait,
1304 1469 1382 1499 mihi
1394 1469 1557 1500 maximus
1567 1472 1781 1510 peccatorum.

1003 1522 1061 1553 Cui
1074 1531 1149 1553 cum
1164 1523 1259 1554 frater
1275 1523 1441 1554 diceretex
1457 1524 1602 1563 adverso,
1621 1525 1707 1565 quod
1722 1525 1783 1556 hoc

997 1585 1062 1607 non
1076 1578 1183 1616 posset
1196 1586 1275 1607 sana
1290 1577 1484 1608 conscientia
1500 1578 1616 1616 d1cere,
1637 1588 1695 1610 nec
1714 1588 1783 1610 sen-

998 1630 1068 1669 tire,
1087 1631 1276 1671 subJunxit:
1295 1630 1327 1662 Si
1341 1634 1639 1673 quantumcumque
1650 1633 1782 1664 scelera-

997 1684 1067 1714 tum
1082 1684 1250 1715 hominem
1264 1687 1353 1716 tanta
1366 1686 1477 1716 suisset
1498 1686 1641 1717 Christus
1661 1686 1782 1718 miseri-

996 1738 1103 1769 cordia
1119 1741 1317 1778 prosecutus,
1335 1740 1473 1771 arbitror
1488 1750 1565 1771 sane
1584 1741 1669 1781 quod
1678 1741 1781 1772 multo

995 1802 1091 1833 quam
1106 1803 1167 1832 ego
1183 1793 1245 1824 Deo
1257 1794 1380 1833 gratior
1390 1797 1482 1825 esset.
1495 1794 1708 1826 Confirmatus
1719 1795 1781 1826 fuit

996 1846 1093 1877 frater
1108 1856 1148 1877 ex
1163 1849 1227 1877 tam
1244 1848 1440 1879 admirabilis
1457 1848 1647 1879 humilitatis
1669 1849 1780 1879 auditu

996 1900 1034 1931 de
1050 1901 1182 1931 veritate
1203 1901 1336 1932 visionis
1359 1904 1506 1940 ostensae,
1531 1902 1707 1941 Evangelio
1727 1912 1777 1933 sa-

996 1963 1049 1985 cro
1067 1956 1199 1985 testante
1215 1956 1225 1971 2
1240 1964 1451 1994 cognoscens,
1469 1955 1555 1995 quod
1571 1956 1611 1987 ad
1622 1956 1779 1987 excellen-

995 2008 1073 2038 tiam
1089 2008 1212 2048 gloriae,
1232 2009 1270 2039 de
1285 2019 1349 2049 qua
1363 2010 1521 2050 superbus
1546 2010 1682 2050 ejicitur,
1703 2020 1779 2042 vere

994 2063 1126 2094 humilis
1142 2064 1312 2095 exaltetur.

1034 2117 1105 2148 Alio
1121 2127 1250 2158 quoque
1262 2122 1416 2158 tempore,
1434 2128 1509 2149 cum
1521 2118 1553 2148 in
1564 2119 1688 2150 deserta
1698 2129 1774 2160 qua-

994 2171 1067 2202 dam
1079 2174 1185 2203 oraret
1199 2173 1329 2203 ecclesia
1339 2173 1373 2203 iu
1387 2173 1553 2212 provincia
1568 2173 1678 2204 Massae
1690 2175 1777 2214 apud

993 2227 1135 2256 montem
1150 2225 1301 2264 Casalem,
1318 2225 1474 2256 intellexit
1487 2235 1543 2266 per
1557 2226 1712 2266 Spiritum
1727 2236 1776 2258 sa-

993 2289 1062 2310 cras
1079 2280 1197 2310 ibidem
1211 2279 1402 2310 remansisse
1418 2280 1579 2320 reliquias.
1599 2280 1682 2317 Quas
1702 2290 1777 2311 cum

993 2334 1092 2372 longo
1102 2334 1171 2372 J'am
1184 2335 1328 2372 tempore
1343 2333 1543 2364 defraudatas
1558 2333 1772 2364 honorificen-

992 2388 1036 2418 tia
1059 2388 1186 2424 debita,
1211 2397 1275 2418 non
1297 2387 1365 2418 sine
1388 2397 1535 2426 moerore,
1556 2389 1772 2427 conspiceret,

992 2441 1136 2481 praecipit
1152 2441 1314 2479 fratribus,
1329 2444 1365 2472 ut
1374 2451 1427 2472 eas
1439 2451 1514 2473 cum
1526 2442 1704 2472 reverentia
1718 2442 1772 2473 de-

991 2495 1110 2525 ferrent
1125 2494 1164 2525 ad
1179 2495 1296 2526 locum.
1315 2495 1375 2526 Sed
1398 2505 1484 2534 cum,
1503 2498 1649 2535 poscente
1666 2505 1772 2535 causa,

991 2548 1183 2579 discessisset
1191 2549 1230 2579 ab
1241 2549 1297 2585 eis,
1311 2549 1452 2579 mandati
1466 2549 1774 2589 patrisimmemores
1801 2564 1803 2566 ·

991 2602 1059 2639 filii,
1078 2602 1266 2633 obedientiae
1291 2603 1444 2633 meritum
1467 2603 1691 2642 neglexerunt.
1719 2603 1774 2634 Die

991 2665 1068 2687 vero
1092 2657 1231 2695 quadam
1254 2666 1328 2688 cum
1353 2666 1442 2687 sacra
1466 2657 1626 2687 celebrare
1654 2657 1773 2688 vellent

991 2710 1154 2751 mysteria,
1172 2711 1330 2750 superiori
1346 2711 1455 2741 altaris
1471 2711 1668 2752 operimento
1684 2720 1766 2742 suu]⁴
