<?xml version="1.0" encoding="UTF-8"?>
<!DOCTYPE html PUBLIC "-//W3C//DTD XHTML 1.0 Transitional//EN"
    "http://www.w3.org/TR/xhtml1/DTD/xhtml1-transitional.dtd">
<html xmlns="http://www.w3.org/1999/xhtml" xml:lang="en" lang="en">
 <head>
  <title>
</title>
<meta http-equiv="Content-Type" content="text/html;charset=utf-8" />
  <meta name='ocr-system' content='tesseract 3.04.00' />
  <meta name='ocr-capabilities' content='ocr_page ocr_carea ocr_par ocr_line ocrx_word'/>
</head>
<body>
  <div class='ocr_page' id='page_1' title='image "./operaomniasixtiv14bonauoft/operaomniasixtiv14bonauoft_0408.png"; bbox 0 0 2029 3052; ppageno 0'>
   <div class='ocr_carea' id='block_1_1' title="bbox 231 208 291 237">
    <p class='ocr_par' dir='ltr' id='par_1_1' title="bbox 231 208 291 237">
     <span class='ocr_line' id='line_1_1' title="bbox 231 208 291 237; baseline -0.017 0"><span class='ocrx_word' id='word_1_1' title='bbox 231 208 291 237; x_wconf 85' lang='lat'>370</span> 
     </span>
    </p>
   </div>
   <div class='ocr_carea' id='block_1_2' title="bbox 230 269 1023 2559">
    <p class='ocr_par' dir='ltr' id='par_1_2' title="bbox 230 269 1023 2559">
     <span class='ocr_line' id='line_1_2' title="bbox 230 269 1010 310; baseline -0.004 -8"><span class='ocrx_word' id='word_1_2' title='bbox 230 272 353 303; x_wconf 81' lang='lat' dir='ltr'>minem</span> <span class='ocrx_word' id='word_1_3' title='bbox 368 272 571 302; x_wconf 82' lang='lat' dir='ltr'>contemnere</span> <span class='ocrx_word' id='word_1_4' title='bbox 585 269 765 310; x_wconf 83' lang='lat' dir='ltr'>praesentia,</span> <span class='ocrx_word' id='word_1_5' title='bbox 782 270 814 300; x_wconf 89' lang='lat' dir='ltr'>et</span> <span class='ocrx_word' id='word_1_6' title='bbox 827 277 936 300; x_wconf 86' lang='lat' dir='ltr'>amare</span> <span class='ocrx_word' id='word_1_7' title='bbox 948 277 1010 300; x_wconf 68' lang='grc'>(103-</span> 
     </span>
     <span class='ocr_line' id='line_1_3' title="bbox 230 322 1007 362; baseline -0.005 -6"><span class='ocrx_word' id='word_1_8' title='bbox 230 325 341 356; x_wconf 82' lang='lat' dir='ltr'>lestia?</span> <span class='ocrx_word' id='word_1_9' title='bbox 357 323 438 355; x_wconf 88' lang='lat' dir='ltr'>Nam</span> <span class='ocrx_word' id='word_1_10' title='bbox 461 324 521 354; x_wconf 92' lang='lat' dir='ltr'>hoc</span> <span class='ocrx_word' id='word_1_11' title='bbox 539 332 605 354; x_wconf 90' lang='lat' dir='ltr'>non</span> <span class='ocrx_word' id='word_1_12' title='bbox 625 322 699 353; x_wconf 85' lang='lat' dir='ltr'>facit</span> <span class='ocrx_word' id='word_1_13' title='bbox 723 322 854 362; x_wconf 88' lang='lat' dir='ltr'>spiritus</span> <span class='ocrx_word' id='word_1_14' title='bbox 878 322 1007 361; x_wconf 84' lang='lat' dir='ltr'>diaboli,</span> 
     </span>
     <span class='ocr_line' id='line_1_4' title="bbox 230 376 1010 417; baseline -0.005 -7"><span class='ocrx_word' id='word_1_15' title='bbox 230 388 289 410; x_wconf 89' lang='lat' dir='ltr'>nec</span> <span class='ocrx_word' id='word_1_16' title='bbox 305 378 505 415; x_wconf 77' lang='lat' dir='ltr'>mundanus,</span> <span class='ocrx_word' id='word_1_17' title='bbox 526 386 585 408; x_wconf 90' lang='lat' dir='ltr'>nec</span> <span class='ocrx_word' id='word_1_18' title='bbox 599 376 763 417; x_wconf 80' lang='lat' dir='ltr'>proprius,</span> <span class='ocrx_word' id='word_1_19' title='bbox 788 385 863 407; x_wconf 92' lang='lat' dir='ltr'>cum</span> <span class='ocrx_word' id='word_1_20' title='bbox 884 385 1010 416; x_wconf 86' lang='lat' dir='ltr'>semper</span> 
     </span>
     <span class='ocr_line' id='line_1_5' title="bbox 231 429 1009 470; baseline -0.003 -8"><span class='ocrx_word' id='word_1_21' title='bbox 231 432 386 463; x_wconf 80' lang='lat' dir='ltr'>inclinent</span> <span class='ocrx_word' id='word_1_22' title='bbox 409 431 449 462; x_wconf 88' lang='lat' dir='ltr'>ad</span> <span class='ocrx_word' id='word_1_23' title='bbox 471 431 595 461; x_wconf 91' lang='lat' dir='ltr'>bonum</span> <span class='ocrx_word' id='word_1_24' title='bbox 618 430 779 470; x_wconf 85' lang='lat' dir='ltr'>privatum</span> <span class='ocrx_word' id='word_1_25' title='bbox 797 440 804 460; x_wconf 93' lang='lat'>:</span> <span class='ocrx_word' id='word_1_26' title='bbox 820 429 894 460; x_wconf 88' lang='lat' dir='ltr'>facit</span> <span class='ocrx_word' id='word_1_27' title='bbox 908 429 1009 469; x_wconf 83' lang='lat' dir='ltr'>igitur</span> 
     </span>
     <span class='ocr_line' id='line_1_6' title="bbox 232 482 1010 526; baseline -0.005 -9"><span class='ocrx_word' id='word_1_28' title='bbox 232 485 370 526; x_wconf 83' lang='lat' dir='ltr'><strong>Spiritus</strong></span> <span class='ocrx_word' id='word_1_29' title='bbox 386 485 523 515; x_wconf 86' lang='lat' dir='ltr'>sanctus.</span> <span class='ocrx_word' id='word_1_30' title='bbox 540 483 578 514; x_wconf 88' lang='lat' dir='ltr'>Et</span> <span class='ocrx_word' id='word_1_31' title='bbox 592 483 666 514; x_wconf 89' lang='lat' dir='ltr'>hinc</span> <span class='ocrx_word' id='word_1_32' title='bbox 681 485 748 522; x_wconf 88' lang='lat' dir='ltr'>est,</span> <span class='ocrx_word' id='word_1_33' title='bbox 767 483 852 523; x_wconf 91' lang='lat' dir='ltr'>quod</span> <span class='ocrx_word' id='word_1_34' title='bbox 864 507 872 522; x_wconf 84' lang='lat'>‚</span> <span class='ocrx_word' id='word_1_35' title='bbox 890 482 1010 523; x_wconf 84' lang='lat' dir='ltr'>Spiritu</span> 
     </span>
     <span class='ocr_line' id='line_1_7' title="bbox 231 536 1010 575; baseline -0.004 -5"><span class='ocrx_word' id='word_1_36' title='bbox 231 540 340 570; x_wconf 85' lang='lat' dir='ltr'>sancto</span> <span class='ocrx_word' id='word_1_37' title='bbox 357 538 504 575; x_wconf 78' lang='lat' dir='ltr'>dictante,</span> <span class='ocrx_word' id='word_1_38' title='bbox 520 537 617 568; x_wconf 84' lang='lat' dir='ltr'>istum</span> <span class='ocrx_word' id='word_1_39' title='bbox 634 537 766 568; x_wconf 88' lang='lat' dir='ltr'>modum</span> <span class='ocrx_word' id='word_1_40' title='bbox 779 536 909 568; x_wconf 87' lang='lat' dir='ltr'>vivendi</span> <span class='ocrx_word' id='word_1_41' title='bbox 923 545 1010 567; x_wconf 91' lang='lat' dir='ltr'>sum-</span> 
     </span>
     <span class='ocr_line' id='line_1_8' title="bbox 232 589 1008 630; baseline -0.004 -7"><span class='ocrx_word' id='word_1_42' title='bbox 232 601 307 623; x_wconf 92' lang='lat' dir='ltr'>mus</span> <span class='ocrx_word' id='word_1_43' title='bbox 330 590 475 622; x_wconf 83' lang='lat' dir='ltr'>Pontifex</span> <span class='ocrx_word' id='word_1_44' title='bbox 490 590 697 630; x_wconf 78' lang='lat' dir='ltr'>approbavit,</span> <span class='ocrx_word' id='word_1_45' title='bbox 715 590 796 622; x_wconf 90' lang='lat' dir='ltr'>sicut</span> <span class='ocrx_word' id='word_1_46' title='bbox 807 590 882 621; x_wconf 90' lang='lat' dir='ltr'>dicit</span> <span class='ocrx_word' id='word_1_47' title='bbox 896 589 1008 621; x_wconf 88' lang='lat' dir='ltr'>Decre-</span> 
     </span>
     <span class='ocr_line' id='line_1_9' title="bbox 233 644 1011 684; baseline -0.001 -9"><span class='ocrx_word' id='word_1_48' title='bbox 233 644 305 676; x_wconf 83' lang='lat' dir='ltr'>talis</span> <span class='ocrx_word' id='word_1_49' title='bbox 318 644 356 676; x_wconf 84' lang='lat' dir='ltr'>de</span> <span class='ocrx_word' id='word_1_50' title='bbox 368 644 551 676; x_wconf 76' lang='lat' dir='ltr'>eoecessibus</span> <span class='ocrx_word' id='word_1_51' title='bbox 565 644 770 684; x_wconf 70' lang='lat' dir='ltr'>praelatorum</span> <span class='ocrx_word' id='word_1_52' title='bbox 778 644 799 682; x_wconf 88' lang='lat'>¹,</span> <span class='ocrx_word' id='word_1_53' title='bbox 816 644 924 676; x_wconf 73' lang='lat' dir='ltr'>Nimis</span> <span class='ocrx_word' id='word_1_54' title='bbox 936 651 1011 683; x_wconf 76' lang='lat' dir='ltr'>pra-</span> 
     </span>
     <span class='ocr_line' id='line_1_10' title="bbox 233 697 1011 738; baseline -0.005 -7"><span class='ocrx_word' id='word_1_55' title='bbox 233 707 275 731; x_wconf 84' lang='lat' dir='ltr'>va</span> <span class='ocrx_word' id='word_1_56' title='bbox 294 722 304 737; x_wconf 84' lang='grc'>,</span> <span class='ocrx_word' id='word_1_57' title='bbox 330 698 416 738; x_wconf 87' lang='lat' dir='ltr'>quod</span> <span class='ocrx_word' id='word_1_58' title='bbox 435 709 450 727; x_wconf 87' lang='lat'>«</span> <span class='ocrx_word' id='word_1_59' title='bbox 473 698 618 729; x_wconf 80' lang='lat' dir='ltr'>ordinem</span> <span class='ocrx_word' id='word_1_60' title='bbox 643 700 674 728; x_wconf 87' lang='lat' dir='ltr'>et</span> <span class='ocrx_word' id='word_1_61' title='bbox 699 697 848 737; x_wconf 84' lang='lat' dir='ltr'>regulam</span> <span class='ocrx_word' id='word_1_62' title='bbox 874 697 1011 728; x_wconf 81' lang='lat' dir='ltr'>fratrum</span> 
     </span>
     <span class='ocr_line' id='line_1_11' title="bbox 234 750 1011 791; baseline -0.004 -7"><span class='ocrx_word' id='word_1_63' title='bbox 234 752 496 790; x_wconf 81' lang='lat' dir='ltr'>Praedicatorum,</span> <span class='ocrx_word' id='word_1_64' title='bbox 506 751 715 790; x_wconf 82' lang='lat' dir='ltr'>etMinorum,</span> <span class='ocrx_word' id='word_1_65' title='bbox 733 751 822 781; x_wconf 89' lang='lat' dir='ltr'>sedes</span> <span class='ocrx_word' id='word_1_66' title='bbox 829 750 1011 791; x_wconf 86' lang='lat' dir='ltr'>Apostolica</span> 
     </span>
     <span class='ocr_line' id='line_1_12' title="bbox 233 804 1010 845; baseline -0.001 -9"><span class='ocrx_word' id='word_1_67' title='bbox 233 805 375 837; x_wconf 89' lang='lat' dir='ltr'>noscitur</span> <span class='ocrx_word' id='word_1_68' title='bbox 398 805 590 845; x_wconf 78' lang='lat' dir='ltr'>approbasse</span> <span class='ocrx_word' id='word_1_69' title='bbox 612 815 619 834; x_wconf 77' lang='lat' dir='ltr'><em>z</em></span> <span class='ocrx_word' id='word_1_70' title='bbox 642 815 657 832; x_wconf 80' lang='grc'>11</span> <span class='ocrx_word' id='word_1_71' title='bbox 678 804 763 835; x_wconf 84' lang='grc'>1111118</span> <span class='ocrx_word' id='word_1_72' title='bbox 783 804 860 835; x_wconf 91' lang='lat' dir='ltr'>huic</span> <span class='ocrx_word' id='word_1_73' title='bbox 886 806 1010 835; x_wconf 85' lang='lat' dir='ltr'>contra-</span> 
     </span>
     <span class='ocr_line' id='line_1_13' title="bbox 233 848 1011 898; baseline -0.003 -8"><span class='ocrx_word' id='word_1_74' title='bbox 233 859 331 898; x_wconf 87' lang='lat' dir='ltr'>rium,</span> <span class='ocrx_word' id='word_1_75' title='bbox 348 858 427 890; x_wconf 90' lang='lat' dir='ltr'>nulli</span> <span class='ocrx_word' id='word_1_76' title='bbox 444 867 574 898; x_wconf 88' lang='lat' dir='ltr'>prorsus</span> <span class='ocrx_word' id='word_1_77' title='bbox 588 857 660 888; x_wconf 87' lang='lat' dir='ltr'>licet</span> <span class='ocrx_word' id='word_1_78' title='bbox 672 848 801 888; x_wconf 80' lang='lat' dir='ltr'>sentire.</span> <span class='ocrx_word' id='word_1_79' title='bbox 814 857 918 895; x_wconf 80' lang='lat' dir='ltr'>Quare</span> <span class='ocrx_word' id='word_1_80' title='bbox 933 858 1011 889; x_wconf 84' lang='lat' dir='ltr'>tales</span> 
     </span>
     <span class='ocr_line' id='line_1_14' title="bbox 234 911 1009 952; baseline -0.003 -8"><span class='ocrx_word' id='word_1_81' title='bbox 234 913 384 945; x_wconf 88' lang='lat' dir='ltr'>videntur</span> <span class='ocrx_word' id='word_1_82' title='bbox 398 912 493 943; x_wconf 87' lang='lat' dir='ltr'>stulte</span> <span class='ocrx_word' id='word_1_83' title='bbox 506 921 615 951; x_wconf 85' lang='lat' dir='ltr'>agere,</span> <span class='ocrx_word' id='word_1_84' title='bbox 632 911 783 952; x_wconf 85' lang='lat' dir='ltr'>periculis</span> <span class='ocrx_word' id='word_1_85' title='bbox 795 921 829 942; x_wconf 86' lang='lat' dir='ltr'>se</span> <span class='ocrx_word' id='word_1_86' title='bbox 839 921 1009 952; x_wconf 77' lang='lat' dir='ltr'>exponere,</span> 
     </span>
     <span class='ocr_line' id='line_1_15' title="bbox 234 964 1013 997; baseline -0.001 0"><span class='ocrx_word' id='word_1_87' title='bbox 234 968 266 997; x_wconf 89' lang='lat' dir='ltr'>et</span> <span class='ocrx_word' id='word_1_88' title='bbox 279 966 379 997; x_wconf 89' lang='lat' dir='ltr'>Deum</span> <span class='ocrx_word' id='word_1_89' title='bbox 395 968 527 996; x_wconf 79' lang='lat' dir='ltr'>tentare.</span> <span class='ocrx_word' id='word_1_90' title='bbox 543 964 624 996; x_wconf 90' lang='lat' dir='ltr'>Nam</span> <span class='ocrx_word' id='word_1_91' title='bbox 637 967 747 996; x_wconf 89' lang='lat' dir='ltr'>contra</span> <span class='ocrx_word' id='word_1_92' title='bbox 761 965 839 996; x_wconf 84' lang='lat' dir='ltr'>tales</span> <span class='ocrx_word' id='word_1_93' title='bbox 853 965 970 996; x_wconf 84' lang='lat' dir='ltr'>dicitur</span> <span class='ocrx_word' id='word_1_94' title='bbox 979 965 1013 996; x_wconf 90' lang='lat' dir='ltr'>in</span> 
     </span>
     <span class='ocr_line' id='line_1_16' title="bbox 235 1020 1011 1061; baseline -0.001 -9"><span class='ocrx_word' id='word_1_95' title='bbox 235 1021 350 1061; x_wconf 82' lang='lat' dir='ltr'>regula</span> <span class='ocrx_word' id='word_1_96' title='bbox 371 1020 406 1052; x_wconf 89' lang='lat' dir='ltr'>B.</span> <span class='ocrx_word' id='word_1_97' title='bbox 424 1020 600 1058; x_wconf 85' lang='lat' dir='ltr'>Francisci,</span> <span class='ocrx_word' id='word_1_98' title='bbox 619 1020 651 1050; x_wconf 88' lang='lat' dir='ltr'>in</span> <span class='ocrx_word' id='word_1_99' title='bbox 673 1030 737 1060; x_wconf 86' lang='lat' dir='ltr'>qua</span> <span class='ocrx_word' id='word_1_100' title='bbox 760 1023 929 1061; x_wconf 75' lang='lat' dir='ltr'>paupertas</span> <span class='ocrx_word' id='word_1_101' title='bbox 950 1021 1011 1051; x_wconf 90' lang='lat' dir='ltr'>hu-</span> 
     </span>
     <span class='ocr_line' id='line_1_17' title="bbox 232 1073 1014 1115; baseline -0.001 -10"><span class='ocrx_word' id='word_1_102' title='bbox 232 1074 375 1115; x_wconf 77' lang='lat' dir='ltr'>J&#39;usmodi</span> <span class='ocrx_word' id='word_1_103' title='bbox 397 1075 626 1105; x_wconf 85' lang='lat' dir='ltr'>confirmatur:</span> <span class='ocrx_word' id='word_1_104' title='bbox 650 1085 664 1103; x_wconf 87' lang='lat'>«</span> <span class='ocrx_word' id='word_1_105' title='bbox 683 1073 768 1104; x_wconf 90' lang='lat' dir='ltr'>Nulli</span> <span class='ocrx_word' id='word_1_106' title='bbox 785 1083 863 1113; x_wconf 86' lang='lat' dir='ltr'>ergo</span> <span class='ocrx_word' id='word_1_107' title='bbox 881 1074 1014 1105; x_wconf 91' lang='lat' dir='ltr'>omnino</span> 
     </span>
     <span class='ocr_line' id='line_1_18' title="bbox 236 1127 1015 1167; baseline -0.003 -8"><span class='ocrx_word' id='word_1_108' title='bbox 236 1128 406 1159; x_wconf 87' lang='lat' dir='ltr'>hominum</span> <span class='ocrx_word' id='word_1_109' title='bbox 429 1128 519 1158; x_wconf 88' lang='lat' dir='ltr'>liceat</span> <span class='ocrx_word' id='word_1_110' title='bbox 542 1127 624 1158; x_wconf 89' lang='lat' dir='ltr'>hanc</span> <span class='ocrx_word' id='word_1_111' title='bbox 641 1127 806 1167; x_wconf 83' lang='lat' dir='ltr'>paginam,</span> <span class='ocrx_word' id='word_1_112' title='bbox 823 1138 838 1155; x_wconf 88' lang='lat'>»</span> <span class='ocrx_word' id='word_1_113' title='bbox 857 1129 916 1158; x_wconf 87' lang='lat' dir='ltr'>etc.</span> <span class='ocrx_word' id='word_1_114' title='bbox 933 1127 1015 1157; x_wconf 88' lang='lat' dir='ltr'>Con-</span> 
     </span>
     <span class='ocr_line' id='line_1_19' title="bbox 236 1180 1014 1220; baseline -0.004 -7"><span class='ocrx_word' id='word_1_115' title='bbox 236 1185 286 1213; x_wconf 86' lang='lat' dir='ltr'>tra</span> <span class='ocrx_word' id='word_1_116' title='bbox 304 1182 381 1213; x_wconf 85' lang='lat' dir='ltr'>tales</span> <span class='ocrx_word' id='word_1_117' title='bbox 405 1181 501 1212; x_wconf 87' lang='lat' dir='ltr'>etiam</span> <span class='ocrx_word' id='word_1_118' title='bbox 521 1181 595 1212; x_wconf 84' lang='lat' dir='ltr'>dicit</span> <span class='ocrx_word' id='word_1_119' title='bbox 610 1180 812 1220; x_wconf 79' lang='lat' dir='ltr'>Augustinus</span> <span class='ocrx_word' id='word_1_120' title='bbox 829 1180 862 1211; x_wconf 89' lang='lat' dir='ltr'>in</span> <span class='ocrx_word' id='word_1_121' title='bbox 878 1182 1014 1211; x_wconf 88' lang='lat' dir='ltr'>tractatu</span> 
     </span>
     <span class='ocr_line' id='line_1_20' title="bbox 237 1234 1014 1275; baseline -0.004 -8"><span class='ocrx_word' id='word_1_122' title='bbox 237 1235 276 1267; x_wconf 83' lang='lat' dir='ltr'>de</span> <span class='ocrx_word' id='word_1_123' title='bbox 288 1236 495 1275; x_wconf 73' lang='lat' dir='ltr'>Eleemosyna</span> <span class='ocrx_word' id='word_1_124' title='bbox 511 1244 520 1266; x_wconf 92' lang='lat'><em>:</em></span> <span class='ocrx_word' id='word_1_125' title='bbox 540 1234 651 1265; x_wconf 86' lang='lat' dir='ltr'>«Elias</span> <span class='ocrx_word' id='word_1_126' title='bbox 670 1234 701 1264; x_wconf 89' lang='lat' dir='ltr'>iu</span> <span class='ocrx_word' id='word_1_127' title='bbox 718 1234 888 1264; x_wconf 80' lang='lat' dir='ltr'>solitudine</span> <span class='ocrx_word' id='word_1_128' title='bbox 909 1234 1014 1264; x_wconf 87' lang='lat' dir='ltr'>corvis</span> 
     </span>
     <span class='ocr_line' id='line_1_21' title="bbox 238 1288 1013 1329; baseline -0.004 -8"><span class='ocrx_word' id='word_1_129' title='bbox 238 1290 490 1321; x_wconf 79' lang='lat' dir='ltr'>ministrantibus</span> <span class='ocrx_word' id='word_1_130' title='bbox 502 1289 650 1329; x_wconf 85' lang='lat' dir='ltr'>pascitur,</span> <span class='ocrx_word' id='word_1_131' title='bbox 665 1291 696 1318; x_wconf 86' lang='lat' dir='ltr'>et</span> <span class='ocrx_word' id='word_1_132' title='bbox 709 1288 828 1319; x_wconf 85' lang='lat' dir='ltr'>Danieli</span> <span class='ocrx_word' id='word_1_133' title='bbox 845 1288 878 1318; x_wconf 89' lang='lat' dir='ltr'>in</span> <span class='ocrx_word' id='word_1_134' title='bbox 891 1288 963 1319; x_wconf 87' lang='lat' dir='ltr'>lacu</span> <span class='ocrx_word' id='word_1_135' title='bbox 975 1288 1013 1318; x_wconf 87' lang='lat' dir='ltr'>ad</span> 
     </span>
     <span class='ocr_line' id='line_1_22' title="bbox 236 1343 1018 1384; baseline -0.003 -9"><span class='ocrx_word' id='word_1_136' title='bbox 236 1344 367 1375; x_wconf 87' lang='lat' dir='ltr'>leonum</span> <span class='ocrx_word' id='word_1_137' title='bbox 383 1343 534 1384; x_wconf 76' lang='lat' dir='ltr'>praedam,</span> <span class='ocrx_word' id='word_1_138' title='bbox 549 1344 643 1382; x_wconf 81' lang='lat' dir='ltr'>jussu</span> <span class='ocrx_word' id='word_1_139' title='bbox 656 1343 753 1382; x_wconf 83' lang='lat' dir='ltr'>regis.</span> <span class='ocrx_word' id='word_1_140' title='bbox 770 1343 903 1381; x_wconf 84' lang='lat' dir='ltr'>incluso,</span> <span class='ocrx_word' id='word_1_141' title='bbox 920 1352 1018 1382; x_wconf 89' lang='lat' dir='ltr'>pran-</span> 
     </span>
     <span class='ocr_line' id='line_1_23' title="bbox 237 1396 1014 1437; baseline -0.001 -10"><span class='ocrx_word' id='word_1_142' title='bbox 237 1397 327 1428; x_wconf 89' lang='lat' dir='ltr'>dium</span> <span class='ocrx_word' id='word_1_143' title='bbox 346 1397 498 1428; x_wconf 81' lang='lat' dir='ltr'>divinitus</span> <span class='ocrx_word' id='word_1_144' title='bbox 517 1399 725 1437; x_wconf 88' lang='lat' dir='ltr'>apportatur;</span> <span class='ocrx_word' id='word_1_145' title='bbox 743 1399 774 1427; x_wconf 86' lang='lat' dir='ltr'>et</span> <span class='ocrx_word' id='word_1_146' title='bbox 790 1399 825 1427; x_wconf 89' lang='lat' dir='ltr'>tu</span> <span class='ocrx_word' id='word_1_147' title='bbox 843 1396 959 1427; x_wconf 88' lang='lat' dir='ltr'>metuis</span> <span class='ocrx_word' id='word_1_148' title='bbox 975 1406 1014 1427; x_wconf 92' lang='lat' dir='ltr'>ne</span> 
     </span>
     <span class='ocr_line' id='line_1_24' title="bbox 237 1449 1015 1491; baseline -0.004 -9"><span class='ocrx_word' id='word_1_149' title='bbox 237 1451 390 1491; x_wconf 74' lang='lat' dir='ltr'>operanti,</span> <span class='ocrx_word' id='word_1_150' title='bbox 408 1451 503 1481; x_wconf 82' lang='lat' dir='ltr'>etiam</span> <span class='ocrx_word' id='word_1_151' title='bbox 519 1450 603 1490; x_wconf 84' lang='lat' dir='ltr'>apud</span> <span class='ocrx_word' id='word_1_152' title='bbox 618 1450 789 1480; x_wconf 86' lang='lat' dir='ltr'>Dominum</span> <span class='ocrx_word' id='word_1_153' title='bbox 806 1449 1015 1489; x_wconf 83' lang='lat' dir='ltr'>promerenti,</span> 
     </span>
     <span class='ocr_line' id='line_1_25' title="bbox 238 1503 1016 1544; baseline -0.003 -9"><span class='ocrx_word' id='word_1_154' title='bbox 238 1504 318 1535; x_wconf 83' lang='lat' dir='ltr'>desit</span> <span class='ocrx_word' id='word_1_155' title='bbox 332 1504 520 1535; x_wconf 78' lang='lat' dir='ltr'>alimentum</span> <span class='ocrx_word' id='word_1_156' title='bbox 531 1528 540 1542; x_wconf 91' lang='lat'>‚</span> <span class='ocrx_word' id='word_1_157' title='bbox 558 1513 631 1534; x_wconf 88' lang='lat' dir='ltr'>cum</span> <span class='ocrx_word' id='word_1_158' title='bbox 647 1503 713 1544; x_wconf 85' lang='lat' dir='ltr'>ipse</span> <span class='ocrx_word' id='word_1_159' title='bbox 730 1504 762 1533; x_wconf 87' lang='grc'>111</span> <span class='ocrx_word' id='word_1_160' title='bbox 782 1503 960 1542; x_wconf 77' lang='lat' dir='ltr'>Evangelio</span> <span class='ocrx_word' id='word_1_161' title='bbox 977 1503 1016 1533; x_wconf 90' lang='lat' dir='ltr'>ad</span> 
     </span>
     <span class='ocr_line' id='line_1_26' title="bbox 238 1556 1016 1597; baseline -0.003 -9"><span class='ocrx_word' id='word_1_162' title='bbox 238 1557 515 1597; x_wconf 79' lang='lat' dir='ltr'>exprobrationem</span> <span class='ocrx_word' id='word_1_163' title='bbox 531 1566 662 1595; x_wconf 85' lang='lat' dir='ltr'>eorum,</span> <span class='ocrx_word' id='word_1_164' title='bbox 679 1566 818 1596; x_wconf 91' lang='lat' dir='ltr'>quorum</span> <span class='ocrx_word' id='word_1_165' title='bbox 841 1565 930 1587; x_wconf 90' lang='lat' dir='ltr'>mens</span> <span class='ocrx_word' id='word_1_166' title='bbox 957 1556 1016 1587; x_wconf 90' lang='lat' dir='ltr'>du-</span> 
     </span>
     <span class='ocr_line' id='line_1_27' title="bbox 239 1610 1014 1650; baseline 0 -9"><span class='ocrx_word' id='word_1_167' title='bbox 239 1611 302 1648; x_wconf 88' lang='lat' dir='ltr'>bia,</span> <span class='ocrx_word' id='word_1_168' title='bbox 319 1613 348 1641; x_wconf 88' lang='lat' dir='ltr'>et</span> <span class='ocrx_word' id='word_1_169' title='bbox 364 1611 439 1642; x_wconf 86' lang='lat' dir='ltr'>fides</span> <span class='ocrx_word' id='word_1_170' title='bbox 455 1620 552 1650; x_wconf 64' lang='lat' dir='ltr'>parra</span> <span class='ocrx_word' id='word_1_171' title='bbox 567 1613 624 1648; x_wconf 74' lang='lat' dir='ltr'>est,</span> <span class='ocrx_word' id='word_1_172' title='bbox 637 1612 842 1648; x_wconf 66' lang='lat' dir='ltr'>contestetur,</span> <span class='ocrx_word' id='word_1_173' title='bbox 853 1613 881 1641; x_wconf 86' lang='lat' dir='ltr'>et</span> <span class='ocrx_word' id='word_1_174' title='bbox 892 1610 974 1641; x_wconf 84' lang='lat' dir='ltr'>dicat</span> <span class='ocrx_word' id='word_1_175' title='bbox 986 1611 1014 1641; x_wconf 72' lang='lat'>²:</span> 
     </span>
     <span class='ocr_line' id='line_1_28' title="bbox 241 1664 1015 1704; baseline -0.001 -8"><span class='ocrx_word' id='word_1_176' title='bbox 241 1665 382 1704; x_wconf 70' lang='lat' dir='ltr'>Aspicite</span> <span class='ocrx_word' id='word_1_177' title='bbox 398 1664 544 1696; x_wconf 70' lang='lat' dir='ltr'>volatilla</span> <span class='ocrx_word' id='word_1_178' title='bbox 557 1665 636 1702; x_wconf 74' lang='lat' dir='ltr'>coeli,</span> <span class='ocrx_word' id='word_1_179' title='bbox 649 1666 803 1704; x_wconf 69' lang='lat' dir='ltr'>quonlam</span> <span class='ocrx_word' id='word_1_180' title='bbox 815 1672 878 1696; x_wconf 76' lang='lat' dir='ltr'>non</span> <span class='ocrx_word' id='word_1_181' title='bbox 893 1667 1015 1703; x_wconf 74' lang='lat' dir='ltr'>serunt,</span> 
     </span>
     <span class='ocr_line' id='line_1_29' title="bbox 241 1718 1018 1758; baseline 0.001 -9"><span class='ocrx_word' id='word_1_182' title='bbox 241 1726 341 1758; x_wconf 76' lang='lat' dir='ltr'>neque</span> <span class='ocrx_word' id='word_1_183' title='bbox 353 1722 597 1758; x_wconf 71' lang='lat' dir='ltr'>mecze7zt,ne‹111c</span> <span class='ocrx_word' id='word_1_184' title='bbox 607 1722 799 1757; x_wconf 65' lang='lat' dir='ltr'>conaregyant</span> <span class='ocrx_word' id='word_1_185' title='bbox 808 1719 844 1749; x_wconf 79' lang='lat' dir='ltr'>in</span> <span class='ocrx_word' id='word_1_186' title='bbox 854 1718 979 1757; x_wconf 78' lang='lat' dir='ltr'>horrea,</span> <span class='ocrx_word' id='word_1_187' title='bbox 989 1721 1018 1750; x_wconf 81' lang='lat' dir='ltr'>el</span> 
     </span>
     <span class='ocr_line' id='line_1_30' title="bbox 242 1771 1018 1811; baseline 0.004 -10"><span class='ocrx_word' id='word_1_188' title='bbox 242 1771 336 1803; x_wconf 77' lang='lat' dir='ltr'>Pater</span> <span class='ocrx_word' id='word_1_189' title='bbox 352 1774 453 1802; x_wconf 75' lang='lat' dir='ltr'>vester</span> <span class='ocrx_word' id='word_1_190' title='bbox 469 1771 605 1803; x_wconf 67' lang='lat' dir='ltr'>coelestis</span> <span class='ocrx_word' id='word_1_191' title='bbox 619 1772 724 1811; x_wconf 74' lang='lat' dir='ltr'>pascit</span> <span class='ocrx_word' id='word_1_192' title='bbox 746 1772 822 1803; x_wconf 70' lang='lat' dir='ltr'>illa?</span> <span class='ocrx_word' id='word_1_193' title='bbox 838 1772 949 1804; x_wconf 76' lang='lat' dir='ltr'>Nonne</span> <span class='ocrx_word' id='word_1_194' title='bbox 964 1780 1018 1804; x_wconf 72' lang='lat' dir='ltr'>vos</span> 
     </span>
     <span class='ocr_line' id='line_1_31' title="bbox 240 1824 1019 1865; baseline 0.003 -10"><span class='ocrx_word' id='word_1_195' title='bbox 240 1825 346 1865; x_wconf 73' lang='lat' dir='ltr'>pluris</span> <span class='ocrx_word' id='word_1_196' title='bbox 357 1826 434 1857; x_wconf 76' lang='lat' dir='ltr'>escis</span> <span class='ocrx_word' id='word_1_197' title='bbox 444 1824 511 1856; x_wconf 70' lang='lat' dir='ltr'>illis</span> <span class='ocrx_word' id='word_1_198' title='bbox 522 1825 536 1854; x_wconf 68' lang='grc' dir='ltr'>’ἒ</span> <span class='ocrx_word' id='word_1_199' title='bbox 552 1824 703 1855; x_wconf 66' lang='lat' dir='ltr'>volucres</span> <span class='ocrx_word' id='word_1_200' title='bbox 713 1825 793 1855; x_wconf 76' lang='lat' dir='ltr'>{leus</span> <span class='ocrx_word' id='word_1_201' title='bbox 804 1826 913 1865; x_wconf 80' lang='lat' dir='ltr'>pascit,</span> <span class='ocrx_word' id='word_1_202' title='bbox 925 1828 955 1856; x_wconf 84' lang='lat' dir='ltr'>et</span> <span class='ocrx_word' id='word_1_203' title='bbox 968 1835 1019 1857; x_wconf 92' lang='lat' dir='ltr'>vo-</span> 
     </span>
     <span class='ocr_line' id='line_1_32' title="bbox 242 1878 1020 1919; baseline 0.001 -10"><span class='ocrx_word' id='word_1_204' title='bbox 242 1878 383 1909; x_wconf 81' lang='lat' dir='ltr'>lueribus</span> <span class='ocrx_word' id='word_1_205' title='bbox 393 1878 544 1908; x_wconf 80' lang='lat' dir='ltr'>alimenta</span> <span class='ocrx_word' id='word_1_206' title='bbox 559 1878 674 1909; x_wconf 85' lang='lat' dir='ltr'>diurna</span> <span class='ocrx_word' id='word_1_207' title='bbox 685 1881 888 1918; x_wconf 65' lang='lat' dir='ltr'>praestantur,</span> <span class='ocrx_word' id='word_1_208' title='bbox 906 1882 935 1910; x_wconf 82' lang='lat' dir='ltr'>et</span> <span class='ocrx_word' id='word_1_209' title='bbox 949 1879 1020 1919; x_wconf 88' lang='lat' dir='ltr'>qui-</span> 
     </span>
     <span class='ocr_line' id='line_1_33' title="bbox 242 1931 1018 1970; baseline 0.003 -9"><span class='ocrx_word' id='word_1_210' title='bbox 242 1932 303 1962; x_wconf 89' lang='lat' dir='ltr'>bus</span> <span class='ocrx_word' id='word_1_211' title='bbox 320 1931 429 1962; x_wconf 88' lang='lat' dir='ltr'>nullus</span> <span class='ocrx_word' id='word_1_212' title='bbox 447 1932 564 1962; x_wconf 77' lang='lat' dir='ltr'>diviuae</span> <span class='ocrx_word' id='word_1_213' title='bbox 580 1932 625 1962; x_wconf 78' lang='lat' dir='ltr'>rei</span> <span class='ocrx_word' id='word_1_214' title='bbox 641 1942 753 1963; x_wconf 87' lang='lat' dir='ltr'>seusus</span> <span class='ocrx_word' id='word_1_215' title='bbox 769 1935 825 1970; x_wconf 72' lang='lat' dir='ltr'>cst,</span> <span class='ocrx_word' id='word_1_216' title='bbox 843 1932 888 1963; x_wconf 79' lang='grc'>815</span> <span class='ocrx_word' id='word_1_217' title='bbox 904 1942 961 1963; x_wconf 90' lang='lat' dir='ltr'>ncc</span> <span class='ocrx_word' id='word_1_218' title='bbox 975 1933 1018 1963; x_wconf 83' lang='lat' dir='ltr'>ci-</span> 
     </span>
     <span class='ocr_line' id='line_1_34' title="bbox 243 1985 1020 2024; baseline 0.003 -9"><span class='ocrx_word' id='word_1_219' title='bbox 243 1985 315 2023; x_wconf 80' lang='lat' dir='ltr'>bus,</span> <span class='ocrx_word' id='word_1_220' title='bbox 327 1994 384 2015; x_wconf 89' lang='lat' dir='ltr'>uec</span> <span class='ocrx_word' id='word_1_221' title='bbox 395 1987 487 2024; x_wconf 73' lang='lat' dir='ltr'>potus</span> <span class='ocrx_word' id='word_1_222' title='bbox 501 1985 605 2022; x_wconf 73' lang='lat' dir='ltr'>dccst3</span> <span class='ocrx_word' id='word_1_223' title='bbox 626 1988 656 2015; x_wconf 84' lang='lat' dir='ltr'>et</span> <span class='ocrx_word' id='word_1_224' title='bbox 667 1988 699 2016; x_wconf 89' lang='lat' dir='ltr'>tu</span> <span class='ocrx_word' id='word_1_225' title='bbox 715 1985 905 2024; x_wconf 82' lang='lat' dir='ltr'>Christiano,</span> <span class='ocrx_word' id='word_1_226' title='bbox 921 1989 953 2016; x_wconf 82' lang='lat' dir='ltr'>tu</span> <span class='ocrx_word' id='word_1_227' title='bbox 964 1986 1020 2017; x_wconf 80' lang='lat' dir='ltr'>Dei</span> 
     </span>
     <span class='ocr_line' id='line_1_35' title="bbox 244 2038 1020 2078; baseline 0.001 -9"><span class='ocrx_word' id='word_1_228' title='bbox 244 2047 347 2076; x_wconf 78' lang='lat' dir='ltr'>servo,</span> <span class='ocrx_word' id='word_1_229' title='bbox 368 2040 404 2069; x_wconf 88' lang='lat' dir='ltr'>tu</span> <span class='ocrx_word' id='word_1_230' title='bbox 419 2038 508 2068; x_wconf 86' lang='grc'>1101115</span> <span class='ocrx_word' id='word_1_231' title='bbox 527 2039 677 2078; x_wconf 79' lang='lat' dir='ltr'>operibus</span> <span class='ocrx_word' id='word_1_232' title='bbox 695 2039 814 2077; x_wconf 79' lang='grc'>11811110,</span> <span class='ocrx_word' id='word_1_233' title='bbox 832 2041 866 2069; x_wconf 84' lang='lat' dir='ltr'>fu</span> <span class='ocrx_word' id='word_1_234' title='bbox 887 2039 1020 2070; x_wconf 90' lang='lat' dir='ltr'>Domino</span> 
     </span>
     <span class='ocr_line' id='line_1_36' title="bbox 245 2092 1020 2132; baseline 0.003 -10"><span class='ocrx_word' id='word_1_235' title='bbox 245 2101 304 2122; x_wconf 92' lang='lat' dir='ltr'>suo</span> <span class='ocrx_word' id='word_1_236' title='bbox 315 2092 423 2130; x_wconf 86' lang='lat' dir='ltr'>charo,</span> <span class='ocrx_word' id='word_1_237' title='bbox 440 2092 560 2132; x_wconf 81' lang='lat' dir='ltr'>aliquid</span> <span class='ocrx_word' id='word_1_238' title='bbox 572 2093 735 2123; x_wconf 77' lang='lat' dir='ltr'>existimas</span> <span class='ocrx_word' id='word_1_239' title='bbox 746 2093 954 2123; x_wconf 77' lang='lat' dir='ltr'>defuturum?</span> <span class='ocrx_word' id='word_1_240' title='bbox 970 2094 1020 2124; x_wconf 88' lang='lat' dir='ltr'>An</span> 
     </span>
     <span class='ocr_line' id='line_1_37' title="bbox 246 2145 1021 2185; baseline 0.003 -10"><span class='ocrx_word' id='word_1_241' title='bbox 246 2146 290 2176; x_wconf 89' lang='lat' dir='ltr'>eis</span> <span class='ocrx_word' id='word_1_242' title='bbox 302 2147 426 2176; x_wconf 82' lang='lat' dir='ltr'>terrena</span> <span class='ocrx_word' id='word_1_243' title='bbox 438 2145 582 2183; x_wconf 78' lang='lat' dir='ltr'>deerunt,</span> <span class='ocrx_word' id='word_1_244' title='bbox 596 2146 712 2185; x_wconf 86' lang='lat' dir='ltr'>quibus</span> <span class='ocrx_word' id='word_1_245' title='bbox 723 2146 861 2177; x_wconf 78' lang='lat' dir='ltr'>coelestia</span> <span class='ocrx_word' id='word_1_246' title='bbox 872 2149 902 2177; x_wconf 85' lang='lat' dir='ltr'>et</span> <span class='ocrx_word' id='word_1_247' title='bbox 913 2147 1021 2178; x_wconf 86' lang='lat' dir='ltr'>diviua</span> 
     </span>
     <span class='ocr_line' id='line_1_38' title="bbox 247 2198 1021 2239; baseline 0.003 -11"><span class='ocrx_word' id='word_1_248' title='bbox 247 2199 456 2229; x_wconf 76' lang='lat' dir='ltr'>tribuuntur?</span> <span class='ocrx_word' id='word_1_249' title='bbox 474 2198 560 2229; x_wconf 87' lang='lat' dir='ltr'>Uude</span> <span class='ocrx_word' id='word_1_250' title='bbox 584 2199 652 2229; x_wconf 76' lang='lat' dir='ltr'>luce</span> <span class='ocrx_word' id='word_1_251' title='bbox 668 2199 830 2230; x_wconf 80' lang='lat' dir='ltr'>incredula</span> <span class='ocrx_word' id='word_1_252' title='bbox 845 2200 1021 2239; x_wconf 74' lang='lat' dir='ltr'>cogitatio?</span> 
     </span>
     <span class='ocr_line' id='line_1_39' title="bbox 248 2252 1021 2291; baseline 0.001 -8"><span class='ocrx_word' id='word_1_253' title='bbox 248 2252 331 2283; x_wconf 84' lang='lat' dir='ltr'>unde</span> <span class='ocrx_word' id='word_1_254' title='bbox 346 2252 444 2291; x_wconf 84' lang='lat' dir='ltr'>impia</span> <span class='ocrx_word' id='word_1_255' title='bbox 460 2254 490 2282; x_wconf 83' lang='lat' dir='ltr'>et</span> <span class='ocrx_word' id='word_1_256' title='bbox 505 2252 659 2291; x_wconf 74' lang='lat' dir='ltr'>sacrilega</span> <span class='ocrx_word' id='word_1_257' title='bbox 674 2252 733 2282; x_wconf 80' lang='lat' dir='ltr'>ista</span> <span class='ocrx_word' id='word_1_258' title='bbox 745 2253 925 2283; x_wconf 73' lang='lat' dir='ltr'>meditatio?</span> <span class='ocrx_word' id='word_1_259' title='bbox 941 2253 1021 2290; x_wconf 80' lang='lat' dir='ltr'>Quid</span> 
     </span>
     <span class='ocr_line' id='line_1_40' title="bbox 248 2305 1022 2346; baseline 0.001 -10"><span class='ocrx_word' id='word_1_260' title='bbox 248 2305 339 2336; x_wconf 80' lang='lat' dir='ltr'>faciet</span> <span class='ocrx_word' id='word_1_261' title='bbox 364 2305 397 2335; x_wconf 90' lang='grc'>111</span> <span class='ocrx_word' id='word_1_262' title='bbox 417 2305 511 2335; x_wconf 87' lang='lat' dir='ltr'>domo</span> <span class='ocrx_word' id='word_1_263' title='bbox 538 2305 590 2335; x_wconf 80' lang='lat' dir='ltr'>Dei</span> <span class='ocrx_word' id='word_1_264' title='bbox 614 2305 770 2344; x_wconf 80' lang='lat' dir='ltr'>pertidum</span> <span class='ocrx_word' id='word_1_265' title='bbox 793 2308 925 2346; x_wconf 77' lang='lat' dir='ltr'>pectus?</span> <span class='ocrx_word' id='word_1_266' title='bbox 941 2307 1022 2344; x_wconf 79' lang='lat' dir='ltr'>Quid</span> 
     </span>
     <span class='ocr_line' id='line_1_41' title="bbox 249 2358 1022 2400; baseline 0.004 -12"><span class='ocrx_word' id='word_1_267' title='bbox 249 2358 304 2399; x_wconf 88' lang='lat' dir='ltr'>qui</span> <span class='ocrx_word' id='word_1_268' title='bbox 318 2358 439 2389; x_wconf 85' lang='lat' dir='ltr'>Christo</span> <span class='ocrx_word' id='word_1_269' title='bbox 454 2359 584 2388; x_wconf 88' lang='lat' dir='ltr'>omniuo</span> <span class='ocrx_word' id='word_1_270' title='bbox 599 2368 663 2388; x_wconf 86' lang='lat' dir='ltr'>non</span> <span class='ocrx_word' id='word_1_271' title='bbox 679 2359 787 2397; x_wconf 81' lang='lat' dir='ltr'>credit,</span> <span class='ocrx_word' id='word_1_272' title='bbox 799 2360 976 2400; x_wconf 85' lang='lat' dir='ltr'>appellatur</span> <span class='ocrx_word' id='word_1_273' title='bbox 991 2363 1022 2391; x_wconf 86' lang='lat' dir='ltr'>et</span> 
     </span>
     <span class='ocr_line' id='line_1_42' title="bbox 249 2411 1023 2454; baseline 0.003 -12"><span class='ocrx_word' id='word_1_274' title='bbox 249 2412 364 2443; x_wconf 89' lang='lat' dir='ltr'>dicitur</span> <span class='ocrx_word' id='word_1_275' title='bbox 396 2411 621 2442; x_wconf 74' lang='lat' dir='ltr'>Christianus?</span> <span class='ocrx_word' id='word_1_276' title='bbox 649 2411 799 2443; x_wconf 76' lang='lat' dir='ltr'>Pharisaei</span> <span class='ocrx_word' id='word_1_277' title='bbox 833 2414 889 2443; x_wconf 82' lang='lat' dir='ltr'>tibi</span> <span class='ocrx_word' id='word_1_278' title='bbox 918 2414 1023 2454; x_wconf 82' lang='lat' dir='ltr'>magis</span> 
     </span>
     <span class='ocr_line' id='line_1_43' title="bbox 250 2463 1022 2507; baseline 0.004 -11"><span class='ocrx_word' id='word_1_279' title='bbox 250 2465 399 2505; x_wconf 78' lang='lat' dir='ltr'>congruit</span> <span class='ocrx_word' id='word_1_280' title='bbox 422 2474 550 2496; x_wconf 88' lang='grc'>1111111811.</span> <span class='ocrx_word' id='word_1_281' title='bbox 565 2475 579 2492; x_wconf 82' lang='grc'>1)</span> <span class='ocrx_word' id='word_1_282' title='bbox 598 2463 677 2495; x_wconf 84' lang='lat' dir='ltr'>Nam</span> <span class='ocrx_word' id='word_1_283' title='bbox 701 2474 775 2495; x_wconf 83' lang='lat' dir='ltr'>cum</span> <span class='ocrx_word' id='word_1_284' title='bbox 798 2467 830 2496; x_wconf 86' lang='grc'>111</span> <span class='ocrx_word' id='word_1_285' title='bbox 847 2466 1022 2507; x_wconf 80' lang='lat' dir='ltr'>Evangelio</span> 
     </span>
     <span class='ocr_line' id='line_1_44' title="bbox 250 2518 1021 2559; baseline 0.004 -9"><span class='ocrx_word' id='word_1_286' title='bbox 250 2519 289 2550; x_wconf 91' lang='lat' dir='ltr'>de</span> <span class='ocrx_word' id='word_1_287' title='bbox 303 2519 510 2559; x_wconf 83' lang='lat' dir='ltr'>eleemosynis</span> <span class='ocrx_word' id='word_1_288' title='bbox 529 2518 719 2558; x_wconf 76' lang='lat' dir='ltr'>disputaret,</span> <span class='ocrx_word' id='word_1_289' title='bbox 737 2522 767 2550; x_wconf 88' lang='lat' dir='ltr'>et</span> <span class='ocrx_word' id='word_1_290' title='bbox 784 2522 818 2550; x_wconf 88' lang='lat' dir='ltr'>ut</span> <span class='ocrx_word' id='word_1_291' title='bbox 836 2522 925 2552; x_wconf 87' lang='grc'>1101115</span> <span class='ocrx_word' id='word_1_292' title='bbox 940 2522 1021 2553; x_wconf 88' lang='lat' dir='ltr'>ami-</span> 
     </span>
    </p>
   </div>
   <div class='ocr_carea' id='block_1_3' title="bbox 252 2616 1023 2720">
    <p class='ocr_par' dir='ltr' id='par_1_3' title="bbox 252 2616 1023 2720">
     <span class='ocr_line' id='line_1_45' title="bbox 283 2616 1023 2651; baseline 0.007 -11"><span class='ocrx_word' id='word_1_293' title='bbox 283 2619 289 2634; x_wconf 89' lang='lat'><strong>¹</strong></span> <span class='ocrx_word' id='word_1_294' title='bbox 311 2617 443 2645; x_wconf 68' lang='lat' dir='ltr'>Decr·et¹1l.,</span> <span class='ocrx_word' id='word_1_295' title='bbox 463 2617 506 2640; x_wconf 88' lang='grc'>1111.</span> <span class='ocrx_word' id='word_1_296' title='bbox 527 2617 559 2646; x_wconf 90' lang='lat' dir='ltr'>V,</span> <span class='ocrx_word' id='word_1_297' title='bbox 578 2616 613 2640; x_wconf 73' lang='lat' dir='ltr'>tit.</span> <span class='ocrx_word' id='word_1_298' title='bbox 629 2622 707 2647; x_wconf 74' lang='lat' dir='ltr'>XXXI,</span> <span class='ocrx_word' id='word_1_299' title='bbox 728 2625 749 2641; x_wconf 78' lang='lat' dir='ltr'>c.</span> <span class='ocrx_word' id='word_1_300' title='bbox 771 2624 833 2642; x_wconf 76' lang='lat' dir='ltr'>xvn.</span> <span class='ocrx_word' id='word_1_301' title='bbox 849 2633 879 2637; x_wconf 91' lang='lat'>—</span> <span class='ocrx_word' id='word_1_302' title='bbox 897 2620 904 2634; x_wconf 76' lang='lat'>²</span> <span class='ocrx_word' id='word_1_303' title='bbox 922 2621 1023 2651; x_wconf 65' lang='lat' dir='ltr'>March„</span> 
     </span>
     <span class='ocr_line' id='line_1_46' title="bbox 252 2653 1022 2685; baseline 0.003 -8"><span class='ocrx_word' id='word_1_304' title='bbox 252 2660 286 2684; x_wconf 75' lang='lat' dir='ltr'>vi,</span> <span class='ocrx_word' id='word_1_305' title='bbox 305 2656 342 2677; x_wconf 65' lang='grc'>26.</span> <span class='ocrx_word' id='word_1_306' title='bbox 362 2667 387 2671; x_wconf 84' lang='lat'>—</span> <span class='ocrx_word' id='word_1_307' title='bbox 404 2654 412 2667; x_wconf 85' lang='lat'><strong>³</strong></span> <span class='ocrx_word' id='word_1_308' title='bbox 429 2654 495 2683; x_wconf 60' lang='lat' dir='ltr'>Lucu,</span> <span class='ocrx_word' id='word_1_309' title='bbox 512 2659 564 2683; x_wconf 61' lang='grc'>111,</span> <span class='ocrx_word' id='word_1_310' title='bbox 581 2654 618 2676; x_wconf 71' lang='grc'>14.</span> <span class='ocrx_word' id='word_1_311' title='bbox 634 2665 663 2669; x_wconf 96' lang='grc'><strong>-</strong></span> <span class='ocrx_word' id='word_1_312' title='bbox 677 2653 684 2666; x_wconf 68' lang='lat'>⁴</span> <span class='ocrx_word' id='word_1_313' title='bbox 699 2655 814 2685; x_wconf 68' lang='lat' dir='ltr'>August,</span> <span class='ocrx_word' id='word_1_314' title='bbox 831 2656 865 2679; x_wconf 79' lang='grc' dir='ltr'>(ιη’</span> <span class='ocrx_word' id='word_1_315' title='bbox 879 2657 1022 2685; x_wconf 70' lang='lat' dir='ltr'>Paulinam,</span> 
     </span>
     <span class='ocr_line' id='line_1_47' title="bbox 253 2690 665 2720; baseline -0.002 -7"><span class='ocrx_word' id='word_1_316' title='bbox 253 2691 324 2720; x_wconf 63' lang='lat' dir='ltr'>epist.</span> <span class='ocrx_word' id='word_1_317' title='bbox 341 2696 436 2717; x_wconf 57' lang='lat' dir='ltr'>cusu,</span> <span class='ocrx_word' id='word_1_318' title='bbox 453 2690 484 2712; x_wconf 83' lang='lat' dir='ltr'>ul.</span> <span class='ocrx_word' id='word_1_319' title='bbox 501 2695 563 2718; x_wconf 69' lang='lat' dir='ltr'>cxli,</span> <span class='ocrx_word' id='word_1_320' title='bbox 582 2696 606 2712; x_wconf 90' lang='grc'>11.</span> <span class='ocrx_word' id='word_1_321' title='bbox 626 2690 665 2712; x_wconf 73' lang='lat'>39.</span> 
     </span>
    </p>
   </div>
   <div class='ocr_carea' id='block_1_4' title="bbox 780 201 1299 235">
    <p class='ocr_par' dir='ltr' id='par_1_4' title="bbox 780 201 1299 235">
     <span class='ocr_line' id='line_1_48' title="bbox 780 201 1299 235; baseline 0 -2"><span class='ocrx_word' id='word_1_322' title='bbox 780 202 830 233; x_wconf 87' lang='lat' dir='ltr'>DE</span> <span class='ocrx_word' id='word_1_323' title='bbox 854 201 1119 234; x_wconf 87' lang='lat' dir='ltr'><strong>PAUPERTATE</strong></span> <span class='ocrx_word' id='word_1_324' title='bbox 1142 202 1299 235; x_wconf 85' lang='lat' dir='ltr'>CHRISTI</span> 
     </span>
    </p>
   </div>
   <div class='ocr_carea' id='block_1_5' title="bbox 1063 268 1854 2616">
    <p class='ocr_par' dir='ltr' id='par_1_5' title="bbox 1063 268 1847 954">
     <span class='ocr_line' id='line_1_49' title="bbox 1063 268 1840 310; baseline 0.004 -9"><span class='ocrx_word' id='word_1_325' title='bbox 1063 278 1116 301; x_wconf 89' lang='lat' dir='ltr'>cos</span> <span class='ocrx_word' id='word_1_326' title='bbox 1129 269 1168 301; x_wconf 88' lang='lat' dir='ltr'>de</span> <span class='ocrx_word' id='word_1_327' title='bbox 1186 269 1321 301; x_wconf 84' lang='lat' dir='ltr'>terrenis</span> <span class='ocrx_word' id='word_1_328' title='bbox 1335 268 1432 300; x_wconf 89' lang='lat' dir='ltr'>lucris</span> <span class='ocrx_word' id='word_1_329' title='bbox 1446 268 1580 309; x_wconf 85' lang='lat' dir='ltr'>provida</span> <span class='ocrx_word' id='word_1_330' title='bbox 1594 271 1777 310; x_wconf 84' lang='lat' dir='ltr'>operatione</span> <span class='ocrx_word' id='word_1_331' title='bbox 1791 273 1840 303; x_wconf 89' lang='lat' dir='ltr'>fa—</span> 
     </span>
     <span class='ocr_line' id='line_1_50' title="bbox 1063 322 1841 363; baseline 0.003 -9"><span class='ocrx_word' id='word_1_332' title='bbox 1063 332 1226 361; x_wconf 73' lang='lat' dir='ltr'>ceremus»,</span> <span class='ocrx_word' id='word_1_333' title='bbox 1243 322 1299 363; x_wconf 91' lang='lat' dir='ltr'>qui</span> <span class='ocrx_word' id='word_1_334' title='bbox 1313 331 1371 353; x_wconf 92' lang='lat' dir='ltr'>nos</span> <span class='ocrx_word' id='word_1_335' title='bbox 1389 322 1593 362; x_wconf 89' lang='lat' dir='ltr'>postmodum</span> <span class='ocrx_word' id='word_1_336' title='bbox 1607 323 1642 354; x_wconf 92' lang='lat' dir='ltr'>in</span> <span class='ocrx_word' id='word_1_337' title='bbox 1656 325 1778 356; x_wconf 82' lang='lat' dir='ltr'>aeterna</span> <span class='ocrx_word' id='word_1_338' title='bbox 1791 327 1841 356; x_wconf 88' lang='lat' dir='ltr'>ta-</span> 
     </span>
     <span class='ocr_line' id='line_1_51' title="bbox 1063 368 1838 416; baseline 0.003 -9"><span class='ocrx_word' id='word_1_339' title='bbox 1063 376 1236 408; x_wconf 85' lang='lat' dir='ltr'>bernacula</span> <span class='ocrx_word' id='word_1_340' title='bbox 1251 368 1458 416; x_wconf 82' lang='lat' dir='ltr'>susciperent,</span> <span class='ocrx_word' id='word_1_341' title='bbox 1475 375 1610 407; x_wconf 86' lang='lat' dir='ltr'>fideliter</span> <span class='ocrx_word' id='word_1_342' title='bbox 1623 378 1654 408; x_wconf 93' lang='lat' dir='ltr'>et</span> <span class='ocrx_word' id='word_1_343' title='bbox 1667 377 1838 409; x_wconf 84' lang='lat' dir='ltr'>salubriter</span> 
     </span>
     <span class='ocr_line' id='line_1_52' title="bbox 1064 429 1841 470; baseline 0.001 -9"><span class='ocrx_word' id='word_1_344' title='bbox 1064 432 1296 470; x_wconf 77' lang='lat' dir='ltr'>praemoneret,</span> <span class='ocrx_word' id='word_1_345' title='bbox 1313 429 1401 461; x_wconf 88' lang='lat' dir='ltr'>addit</span> <span class='ocrx_word' id='word_1_346' title='bbox 1423 431 1494 469; x_wconf 89' lang='lat' dir='ltr'>post</span> <span class='ocrx_word' id='word_1_347' title='bbox 1516 429 1576 461; x_wconf 89' lang='lat' dir='ltr'>hoc</span> <span class='ocrx_word' id='word_1_348' title='bbox 1602 429 1776 470; x_wconf 84' lang='lat' dir='ltr'>Scriptura,</span> <span class='ocrx_word' id='word_1_349' title='bbox 1792 431 1841 462; x_wconf 92' lang='lat' dir='ltr'>di·</span> 
     </span>
     <span class='ocr_line' id='line_1_53' title="bbox 1065 482 1844 524; baseline 0.003 -10"><span class='ocrx_word' id='word_1_350' title='bbox 1065 492 1139 514; x_wconf 85' lang='lat' dir='ltr'>cens</span> <span class='ocrx_word' id='word_1_351' title='bbox 1151 483 1162 500; x_wconf 81' lang='lat'>³</span> <span class='ocrx_word' id='word_1_352' title='bbox 1179 492 1187 514; x_wconf 91' lang='lat'><strong>:</strong></span> <span class='ocrx_word' id='word_1_353' title='bbox 1204 482 1392 515; x_wconf 79' lang='lat' dir='ltr'>Audiebant</span> <span class='ocrx_word' id='word_1_354' title='bbox 1404 482 1467 515; x_wconf 82' lang='lat' dir='ltr'>hoec</span> <span class='ocrx_word' id='word_1_355' title='bbox 1481 484 1591 515; x_wconf 79' lang='lat' dir='ltr'>omnia</span> <span class='ocrx_word' id='word_1_356' title='bbox 1604 483 1771 523; x_wconf 66' lang='lat' dir='ltr'>Pharisaei,</span> <span class='ocrx_word' id='word_1_357' title='bbox 1785 484 1844 524; x_wconf 78' lang='lat' dir='ltr'>qui</span> 
     </span>
     <span class='ocr_line' id='line_1_54' title="bbox 1065 537 1845 577; baseline -0.001 -7"><span class='ocrx_word' id='word_1_358' title='bbox 1065 541 1156 570; x_wconf 79' lang='lat' dir='ltr'>erant</span> <span class='ocrx_word' id='word_1_359' title='bbox 1180 539 1300 577; x_wconf 79' lang='lat' dir='ltr'>avari,</span> <span class='ocrx_word' id='word_1_360' title='bbox 1324 540 1354 570; x_wconf 82' lang='lat' dir='ltr'>et</span> <span class='ocrx_word' id='word_1_361' title='bbox 1380 537 1568 571; x_wconf 80' lang='lat' dir='ltr'>deridebant</span> <span class='ocrx_word' id='word_1_362' title='bbox 1594 538 1699 571; x_wconf 76' lang='lat' dir='ltr'>illum.</span> <span class='ocrx_word' id='word_1_363' title='bbox 1729 538 1845 577; x_wconf 83' lang='lat' dir='ltr'>Quales</span> 
     </span>
     <span class='ocr_line' id='line_1_55' title="bbox 1065 586 1845 633; baseline 0.004 -11"><span class='ocrx_word' id='word_1_364' title='bbox 1065 600 1153 622; x_wconf 89' lang='lat' dir='ltr'>nunc</span> <span class='ocrx_word' id='word_1_365' title='bbox 1165 591 1288 622; x_wconf 87' lang='lat' dir='ltr'>suntin</span> <span class='ocrx_word' id='word_1_366' title='bbox 1302 586 1452 629; x_wconf 84' lang='lat' dir='ltr'>Ecclesia,</span> <span class='ocrx_word' id='word_1_367' title='bbox 1472 601 1614 633; x_wconf 88' lang='lat' dir='ltr'>quorum</span> <span class='ocrx_word' id='word_1_368' title='bbox 1625 593 1780 633; x_wconf 84' lang='lat' dir='ltr'>quosdam</span> <span class='ocrx_word' id='word_1_369' title='bbox 1799 592 1845 625; x_wconf 91' lang='lat' dir='ltr'>vi-</span> 
     </span>
     <span class='ocr_line' id='line_1_56' title="bbox 1066 644 1846 685; baseline 0.003 -10"><span class='ocrx_word' id='word_1_370' title='bbox 1066 644 1192 684; x_wconf 81' lang='lat' dir='ltr'>demus,</span> <span class='ocrx_word' id='word_1_371' title='bbox 1215 654 1355 684; x_wconf 83' lang='lat' dir='ltr'>quorum</span> <span class='ocrx_word' id='word_1_372' title='bbox 1380 645 1544 685; x_wconf 82' lang='lat' dir='ltr'>praeclusae</span> <span class='ocrx_word' id='word_1_373' title='bbox 1566 655 1680 685; x_wconf 84' lang='lat' dir='ltr'>aures,</span> <span class='ocrx_word' id='word_1_374' title='bbox 1696 648 1727 677; x_wconf 92' lang='lat' dir='ltr'>et</span> <span class='ocrx_word' id='word_1_375' title='bbox 1750 646 1846 678; x_wconf 89' lang='lat' dir='ltr'>corda</span> 
     </span>
     <span class='ocr_line' id='line_1_57' title="bbox 1067 698 1843 739; baseline 0.001 -10"><span class='ocrx_word' id='word_1_376' title='bbox 1067 701 1196 737; x_wconf 86' lang='lat' dir='ltr'>caecata,</span> <span class='ocrx_word' id='word_1_377' title='bbox 1214 698 1341 730; x_wconf 91' lang='lat' dir='ltr'>nullum</span> <span class='ocrx_word' id='word_1_378' title='bbox 1360 699 1399 730; x_wconf 87' lang='lat' dir='ltr'>de</span> <span class='ocrx_word' id='word_1_379' title='bbox 1416 699 1636 739; x_wconf 86' lang='lat' dir='ltr'>spiritualibus</span> <span class='ocrx_word' id='word_1_380' title='bbox 1648 709 1685 730; x_wconf 90' lang='lat' dir='ltr'>ac</span> <span class='ocrx_word' id='word_1_381' title='bbox 1698 699 1843 731; x_wconf 82' lang='lat' dir='ltr'>salutari-</span> 
     </span>
     <span class='ocr_line' id='line_1_58' title="bbox 1067 752 1847 793; baseline 0.003 -11"><span class='ocrx_word' id='word_1_382' title='bbox 1067 752 1127 783; x_wconf 89' lang='lat' dir='ltr'>bus</span> <span class='ocrx_word' id='word_1_383' title='bbox 1143 752 1273 782; x_wconf 86' lang='lat' dir='ltr'>monitis</span> <span class='ocrx_word' id='word_1_384' title='bbox 1289 752 1398 783; x_wconf 91' lang='lat' dir='ltr'>lumen</span> <span class='ocrx_word' id='word_1_385' title='bbox 1413 752 1597 784; x_wconf 83' lang='lat' dir='ltr'>admittunt.</span> <span class='ocrx_word' id='word_1_386' title='bbox 1611 752 1654 784; x_wconf 87' lang='lat' dir='ltr'>De</span> <span class='ocrx_word' id='word_1_387' title='bbox 1664 753 1781 793; x_wconf 89' lang='lat' dir='ltr'>quibus</span> <span class='ocrx_word' id='word_1_388' title='bbox 1790 753 1847 784; x_wconf 90' lang='lat' dir='ltr'>mi-</span> 
     </span>
     <span class='ocr_line' id='line_1_59' title="bbox 1067 806 1847 847; baseline 0.003 -11"><span class='ocrx_word' id='word_1_389' title='bbox 1067 806 1131 837; x_wconf 88' lang='lat' dir='ltr'>rari</span> <span class='ocrx_word' id='word_1_390' title='bbox 1147 815 1211 837; x_wconf 89' lang='lat' dir='ltr'>non</span> <span class='ocrx_word' id='word_1_391' title='bbox 1225 806 1390 845; x_wconf 84' lang='lat' dir='ltr'>debemus,</span> <span class='ocrx_word' id='word_1_392' title='bbox 1406 807 1492 847; x_wconf 88' lang='lat' dir='ltr'>quod</span> <span class='ocrx_word' id='word_1_393' title='bbox 1506 809 1711 838; x_wconf 85' lang='lat' dir='ltr'>contemnant</span> <span class='ocrx_word' id='word_1_394' title='bbox 1724 808 1757 838; x_wconf 92' lang='lat' dir='ltr'>in</span> <span class='ocrx_word' id='word_1_395' title='bbox 1775 807 1847 838; x_wconf 88' lang='lat' dir='ltr'>tali-</span> 
     </span>
     <span class='ocr_line' id='line_1_60' title="bbox 1066 860 1845 901; baseline 0.001 -10"><span class='ocrx_word' id='word_1_396' title='bbox 1066 860 1129 891; x_wconf 86' lang='lat' dir='ltr'>bus</span> <span class='ocrx_word' id='word_1_397' title='bbox 1153 869 1262 892; x_wconf 88' lang='lat' dir='ltr'>servos</span> <span class='ocrx_word' id='word_1_398' title='bbox 1274 884 1282 899; x_wconf 93' lang='lat'>,</span> <span class='ocrx_word' id='word_1_399' title='bbox 1308 861 1436 900; x_wconf 89' lang='lat' dir='ltr'>quaudo</span> <span class='ocrx_word' id='word_1_400' title='bbox 1451 870 1470 891; x_wconf 88' lang='lat' dir='ltr'>a</span> <span class='ocrx_word' id='word_1_401' title='bbox 1484 860 1600 892; x_wconf 84' lang='lat' dir='ltr'>talibus</span> <span class='ocrx_word' id='word_1_402' title='bbox 1613 861 1721 901; x_wconf 88' lang='lat' dir='ltr'>ipsum</span> <span class='ocrx_word' id='word_1_403' title='bbox 1737 860 1845 892; x_wconf 92' lang='lat' dir='ltr'>Domi-</span> 
     </span>
     <span class='ocr_line' id='line_1_61' title="bbox 1067 913 1664 954; baseline 0 -10"><span class='ocrx_word' id='word_1_404' title='bbox 1067 923 1148 945; x_wconf 91' lang='lat' dir='ltr'>num</span> <span class='ocrx_word' id='word_1_405' title='bbox 1164 913 1331 945; x_wconf 88' lang='lat' dir='ltr'>videamus</span> <span class='ocrx_word' id='word_1_406' title='bbox 1346 922 1414 944; x_wconf 90' lang='grc'>8558</span> <span class='ocrx_word' id='word_1_407' title='bbox 1430 915 1664 954; x_wconf 86' lang='lat' dir='ltr'>contemptum.</span> 
     </span>
    </p>

    <p class='ocr_par' dir='ltr' id='par_1_6' title="bbox 1068 967 1854 2564">
     <span class='ocr_line' id='line_1_62' title="bbox 1109 967 1847 1007; baseline 0 -9"><span class='ocrx_word' id='word_1_408' title='bbox 1109 967 1157 998; x_wconf 83' lang='lat' dir='ltr'>Ex</span> <span class='ocrx_word' id='word_1_409' title='bbox 1170 967 1232 998; x_wconf 87' lang='lat' dir='ltr'>hoc</span> <span class='ocrx_word' id='word_1_410' title='bbox 1255 969 1389 1007; x_wconf 79' lang='lat' dir='ltr'>apparet</span> <span class='ocrx_word' id='word_1_411' title='bbox 1409 967 1585 1005; x_wconf 86' lang='lat' dir='ltr'>evidenter,</span> <span class='ocrx_word' id='word_1_412' title='bbox 1610 967 1696 1007; x_wconf 89' lang='lat' dir='ltr'>quod</span> <span class='ocrx_word' id='word_1_413' title='bbox 1716 967 1847 999; x_wconf 89' lang='lat' dir='ltr'>omuino</span> 
     </span>
     <span class='ocr_line' id='line_1_63' title="bbox 1068 1020 1849 1061; baseline 0 -10"><span class='ocrx_word' id='word_1_414' title='bbox 1068 1020 1218 1051; x_wconf 90' lang='lat' dir='ltr'>omnibus</span> <span class='ocrx_word' id='word_1_415' title='bbox 1231 1020 1456 1051; x_wconf 88' lang='lat' dir='ltr'>abrenuntiare</span> <span class='ocrx_word' id='word_1_416' title='bbox 1466 1020 1688 1051; x_wconf 88' lang='lat' dir='ltr'>universaliter</span> <span class='ocrx_word' id='word_1_417' title='bbox 1697 1029 1754 1061; x_wconf 91' lang='lat' dir='ltr'>pro</span> <span class='ocrx_word' id='word_1_418' title='bbox 1762 1020 1849 1051; x_wconf 80' lang='lat' dir='ltr'>Chri-</span> 
     </span>
     <span class='ocr_line' id='line_1_64' title="bbox 1068 1073 1847 1114; baseline 0 -9"><span class='ocrx_word' id='word_1_419' title='bbox 1068 1076 1127 1112; x_wconf 86' lang='lat' dir='ltr'>sto,</span> <span class='ocrx_word' id='word_1_420' title='bbox 1144 1073 1339 1114; x_wconf 90' lang='lat' dir='ltr'>culpaudum</span> <span class='ocrx_word' id='word_1_421' title='bbox 1355 1082 1420 1104; x_wconf 92' lang='lat' dir='ltr'>nou</span> <span class='ocrx_word' id='word_1_422' title='bbox 1434 1076 1492 1112; x_wconf 85' lang='lat' dir='ltr'>est,</span> <span class='ocrx_word' id='word_1_423' title='bbox 1510 1073 1565 1105; x_wconf 87' lang='lat' dir='ltr'>sed</span> <span class='ocrx_word' id='word_1_424' title='bbox 1584 1073 1690 1113; x_wconf 87' lang='lat' dir='ltr'>potius</span> <span class='ocrx_word' id='word_1_425' title='bbox 1709 1073 1847 1105; x_wconf 86' lang='lat' dir='ltr'>laudan-</span> 
     </span>
     <span class='ocr_line' id='line_1_65' title="bbox 1069 1127 1849 1169; baseline 0.003 -11"><span class='ocrx_word' id='word_1_426' title='bbox 1069 1127 1157 1167; x_wconf 89' lang='lat' dir='ltr'>dum,</span> <span class='ocrx_word' id='word_1_427' title='bbox 1175 1130 1330 1168; x_wconf 87' lang='lat' dir='ltr'>tanquam</span> <span class='ocrx_word' id='word_1_428' title='bbox 1355 1127 1484 1159; x_wconf 88' lang='lat' dir='ltr'>culmen</span> <span class='ocrx_word' id='word_1_429' title='bbox 1508 1128 1703 1168; x_wconf 71' lang='lat' dir='ltr'>evangelicae</span> <span class='ocrx_word' id='word_1_430' title='bbox 1727 1129 1849 1169; x_wconf 88' lang='lat' dir='ltr'>perfec-</span> 
     </span>
     <span class='ocr_line' id='line_1_66' title="bbox 1069 1181 1850 1222; baseline 0.003 -10"><span class='ocrx_word' id='word_1_431' title='bbox 1069 1182 1177 1212; x_wconf 89' lang='lat' dir='ltr'>tionis.</span> <span class='ocrx_word' id='word_1_432' title='bbox 1199 1181 1287 1213; x_wconf 85' lang='lat' dir='ltr'>Unde</span> <span class='ocrx_word' id='word_1_433' title='bbox 1302 1182 1452 1220; x_wconf 87' lang='lat' dir='ltr'>rationes,</span> <span class='ocrx_word' id='word_1_434' title='bbox 1474 1182 1622 1222; x_wconf 81' lang='lat' dir='ltr'>exempla</span> <span class='ocrx_word' id='word_1_435' title='bbox 1635 1184 1666 1213; x_wconf 87' lang='lat' dir='ltr'>et</span> <span class='ocrx_word' id='word_1_436' title='bbox 1680 1183 1850 1214; x_wconf 84' lang='lat' dir='ltr'>auctorita-</span> 
     </span>
     <span class='ocr_line' id='line_1_67' title="bbox 1070 1235 1849 1276; baseline 0.003 -10"><span class='ocrx_word' id='word_1_437' title='bbox 1070 1238 1117 1266; x_wconf 87' lang='lat' dir='ltr'>tes</span> <span class='ocrx_word' id='word_1_438' title='bbox 1141 1235 1351 1266; x_wconf 80' lang='lat' dir='ltr'>concedendae</span> <span class='ocrx_word' id='word_1_439' title='bbox 1371 1235 1505 1266; x_wconf 82' lang='lat' dir='ltr'>suntad</span> <span class='ocrx_word' id='word_1_440' title='bbox 1531 1235 1624 1266; x_wconf 86' lang='lat' dir='ltr'>istam</span> <span class='ocrx_word' id='word_1_441' title='bbox 1648 1239 1784 1276; x_wconf 82' lang='lat' dir='ltr'>partem,</span> <span class='ocrx_word' id='word_1_442' title='bbox 1809 1237 1849 1268; x_wconf 90' lang='lat' dir='ltr'>ad</span> 
     </span>
     <span class='ocr_line' id='line_1_68' title="bbox 1070 1289 1851 1329; baseline 0.004 -10"><span class='ocrx_word' id='word_1_443' title='bbox 1070 1299 1168 1329; x_wconf 87' lang='lat' dir='ltr'>quam</span> <span class='ocrx_word' id='word_1_444' title='bbox 1184 1289 1450 1320; x_wconf 84' lang='lat' dir='ltr'>sufficientissime</span> <span class='ocrx_word' id='word_1_445' title='bbox 1474 1290 1678 1321; x_wconf 86' lang='lat' dir='ltr'>astruendam</span> <span class='ocrx_word' id='word_1_446' title='bbox 1700 1300 1765 1322; x_wconf 90' lang='lat' dir='ltr'>uua</span> <span class='ocrx_word' id='word_1_447' title='bbox 1784 1291 1851 1322; x_wconf 87' lang='lat' dir='ltr'>sola</span> 
     </span>
     <span class='ocr_line' id='line_1_69' title="bbox 1071 1343 1849 1384; baseline 0.003 -10"><span class='ocrx_word' id='word_1_448' title='bbox 1071 1343 1242 1374; x_wconf 86' lang='lat' dir='ltr'>auctoritas</span> <span class='ocrx_word' id='word_1_449' title='bbox 1264 1353 1414 1384; x_wconf 82' lang='lat' dir='ltr'>expressa</span> <span class='ocrx_word' id='word_1_450' title='bbox 1428 1353 1468 1374; x_wconf 79' lang='lat' dir='ltr'>ex</span> <span class='ocrx_word' id='word_1_451' title='bbox 1484 1353 1538 1375; x_wconf 87' lang='lat' dir='ltr'>ore</span> <span class='ocrx_word' id='word_1_452' title='bbox 1553 1343 1668 1375; x_wconf 86' lang='lat' dir='ltr'>Christi</span> <span class='ocrx_word' id='word_1_453' title='bbox 1683 1345 1849 1376; x_wconf 87' lang='lat' dir='ltr'>consulen-</span> 
     </span>
     <span class='ocr_line' id='line_1_70' title="bbox 1071 1397 1848 1438; baseline 0.004 -12"><span class='ocrx_word' id='word_1_454' title='bbox 1071 1397 1111 1427; x_wconf 84' lang='lat' dir='ltr'>tis</span> <span class='ocrx_word' id='word_1_455' title='bbox 1135 1397 1292 1428; x_wconf 86' lang='lat' dir='ltr'>dimittere</span> <span class='ocrx_word' id='word_1_456' title='bbox 1315 1397 1434 1435; x_wconf 87' lang='lat' dir='ltr'>omnia,</span> <span class='ocrx_word' id='word_1_457' title='bbox 1459 1400 1541 1428; x_wconf 82' lang='lat' dir='ltr'>esset</span> <span class='ocrx_word' id='word_1_458' title='bbox 1561 1398 1848 1438; x_wconf 83' lang='lat' dir='ltr'>sufficientissima,</span> 
     </span>
     <span class='ocr_line' id='line_1_71' title="bbox 1071 1452 1851 1493; baseline 0.004 -11"><span class='ocrx_word' id='word_1_459' title='bbox 1071 1452 1167 1483; x_wconf 85' lang='lat' dir='ltr'>etiam</span> <span class='ocrx_word' id='word_1_460' title='bbox 1190 1452 1215 1482; x_wconf 92' lang='lat' dir='ltr'>si</span> <span class='ocrx_word' id='word_1_461' title='bbox 1242 1452 1343 1483; x_wconf 82' lang='lat' dir='ltr'>multa</span> <span class='ocrx_word' id='word_1_462' title='bbox 1370 1452 1552 1492; x_wconf 80' lang='lat' dir='ltr'>glossarum</span> <span class='ocrx_word' id='word_1_463' title='bbox 1573 1453 1791 1493; x_wconf 81' lang='lat' dir='ltr'>expositarum</span> <span class='ocrx_word' id='word_1_464' title='bbox 1819 1456 1851 1485; x_wconf 87' lang='lat' dir='ltr'>et</span> 
     </span>
     <span class='ocr_line' id='line_1_72' title="bbox 1073 1505 1847 1538; baseline 0.004 -3"><span class='ocrx_word' id='word_1_465' title='bbox 1073 1505 1265 1536; x_wconf 83' lang='lat' dir='ltr'>Sanctorum</span> <span class='ocrx_word' id='word_1_466' title='bbox 1280 1505 1363 1537; x_wconf 87' lang='lat' dir='ltr'>dicta</span> <span class='ocrx_word' id='word_1_467' title='bbox 1388 1506 1572 1537; x_wconf 86' lang='lat' dir='ltr'>viderentur</span> <span class='ocrx_word' id='word_1_468' title='bbox 1596 1515 1663 1537; x_wconf 87' lang='lat' dir='ltr'>esse</span> <span class='ocrx_word' id='word_1_469' title='bbox 1679 1507 1847 1538; x_wconf 85' lang='lat' dir='ltr'>contraria.</span> 
     </span>
     <span class='ocr_line' id='line_1_73' title="bbox 1073 1558 1850 1600; baseline 0.005 -12"><span class='ocrx_word' id='word_1_470' title='bbox 1073 1559 1125 1589; x_wconf 91' lang='lat' dir='ltr'>Ait</span> <span class='ocrx_word' id='word_1_471' title='bbox 1140 1559 1225 1589; x_wconf 89' lang='lat' dir='ltr'>enim</span> <span class='ocrx_word' id='word_1_472' title='bbox 1239 1559 1441 1598; x_wconf 84' lang='lat' dir='ltr'>Augustinus</span> <span class='ocrx_word' id='word_1_473' title='bbox 1455 1558 1499 1591; x_wconf 84' lang='lat' dir='ltr'>ad</span> <span class='ocrx_word' id='word_1_474' title='bbox 1513 1559 1688 1592; x_wconf 79' lang='lat' dir='ltr'>Paulinam</span> <span class='ocrx_word' id='word_1_475' title='bbox 1712 1561 1750 1600; x_wconf 81' lang='lat' dir='ltr'>(a)</span> <span class='ocrx_word' id='word_1_476' title='bbox 1765 1562 1786 1599; x_wconf 71' lang='lat'>⁸,</span> <span class='ocrx_word' id='word_1_477' title='bbox 1811 1559 1850 1592; x_wconf 81' lang='lat' dir='ltr'>de</span> 
     </span>
     <span class='ocr_line' id='line_1_74' title="bbox 1073 1612 1850 1653; baseline 0.001 -9"><span class='ocrx_word' id='word_1_478' title='bbox 1073 1612 1211 1644; x_wconf 72' lang='lat' dir='ltr'>videndo</span> <span class='ocrx_word' id='word_1_479' title='bbox 1226 1613 1302 1649; x_wconf 79' lang='lat' dir='ltr'>Deo,</span> <span class='ocrx_word' id='word_1_480' title='bbox 1329 1613 1373 1643; x_wconf 93' lang='lat' dir='ltr'>sic</span> <span class='ocrx_word' id='word_1_481' title='bbox 1391 1623 1398 1644; x_wconf 88' lang='lat'>:</span> <span class='ocrx_word' id='word_1_482' title='bbox 1420 1612 1579 1644; x_wconf 87' lang='lat' dir='ltr'>«Attende</span> <span class='ocrx_word' id='word_1_483' title='bbox 1593 1622 1666 1653; x_wconf 80' lang='lat' dir='ltr'>quae</span> <span class='ocrx_word' id='word_1_484' title='bbox 1689 1614 1800 1652; x_wconf 88' lang='lat' dir='ltr'>credis,</span> <span class='ocrx_word' id='word_1_485' title='bbox 1819 1615 1850 1645; x_wconf 92' lang='lat' dir='ltr'>et</span> 
     </span>
     <span class='ocr_line' id='line_1_75' title="bbox 1074 1666 1851 1706; baseline 0.003 -10"><span class='ocrx_word' id='word_1_486' title='bbox 1074 1666 1106 1696; x_wconf 89' lang='lat' dir='ltr'>in</span> <span class='ocrx_word' id='word_1_487' title='bbox 1122 1667 1166 1697; x_wconf 84' lang='lat' dir='ltr'>eis</span> <span class='ocrx_word' id='word_1_488' title='bbox 1183 1667 1258 1706; x_wconf 84' lang='lat' dir='ltr'>ipsis</span> <span class='ocrx_word' id='word_1_489' title='bbox 1272 1666 1390 1706; x_wconf 88' lang='lat' dir='ltr'>quibus</span> <span class='ocrx_word' id='word_1_490' title='bbox 1404 1675 1469 1697; x_wconf 91' lang='lat' dir='ltr'>non</span> <span class='ocrx_word' id='word_1_491' title='bbox 1484 1666 1559 1697; x_wconf 88' lang='lat' dir='ltr'>visis</span> <span class='ocrx_word' id='word_1_492' title='bbox 1578 1667 1799 1698; x_wconf 86' lang='lat' dir='ltr'>accommodas</span> <span class='ocrx_word' id='word_1_493' title='bbox 1812 1667 1851 1697; x_wconf 84' lang='lat' dir='ltr'>fi-</span> 
     </span>
     <span class='ocr_line' id='line_1_76' title="bbox 1074 1720 1850 1760; baseline 0.004 -11"><span class='ocrx_word' id='word_1_494' title='bbox 1074 1720 1158 1757; x_wconf 89' lang='lat' dir='ltr'>dem,</span> <span class='ocrx_word' id='word_1_495' title='bbox 1175 1720 1241 1759; x_wconf 83' lang='lat' dir='ltr'>ipsa</span> <span class='ocrx_word' id='word_1_496' title='bbox 1256 1720 1384 1750; x_wconf 76' lang='lat' dir='ltr'>testium</span> <span class='ocrx_word' id='word_1_497' title='bbox 1397 1720 1536 1760; x_wconf 85' lang='lat' dir='ltr'>pondera</span> <span class='ocrx_word' id='word_1_498' title='bbox 1547 1720 1753 1751; x_wconf 86' lang='lat' dir='ltr'>discernenda</span> <span class='ocrx_word' id='word_1_499' title='bbox 1763 1723 1850 1753; x_wconf 85' lang='lat' dir='ltr'>sunt.</span> 
     </span>
     <span class='ocr_line' id='line_1_77' title="bbox 1075 1772 1852 1814; baseline 0.004 -11"><span class='ocrx_word' id='word_1_500' title='bbox 1075 1772 1138 1804; x_wconf 87' lang='lat' dir='ltr'>Nec</span> <span class='ocrx_word' id='word_1_501' title='bbox 1161 1774 1246 1804; x_wconf 90' lang='lat' dir='ltr'>enim</span> <span class='ocrx_word' id='word_1_502' title='bbox 1273 1773 1352 1803; x_wconf 87' lang='lat' dir='ltr'>mihi</span> <span class='ocrx_word' id='word_1_503' title='bbox 1379 1774 1423 1804; x_wconf 92' lang='lat' dir='ltr'>sic</span> <span class='ocrx_word' id='word_1_504' title='bbox 1445 1774 1558 1812; x_wconf 89' lang='lat' dir='ltr'>credis,</span> <span class='ocrx_word' id='word_1_505' title='bbox 1580 1774 1852 1814; x_wconf 87' lang='lat' dir='ltr'>quemadmodum</span> 
     </span>
     <span class='ocr_line' id='line_1_78' title="bbox 1075 1827 1852 1868; baseline 0.001 -10"><span class='ocrx_word' id='word_1_506' title='bbox 1075 1827 1255 1865; x_wconf 81' lang='lat' dir='ltr'>Ambrosio,</span> <span class='ocrx_word' id='word_1_507' title='bbox 1272 1829 1326 1858; x_wconf 88' lang='lat' dir='ltr'>aut</span> <span class='ocrx_word' id='word_1_508' title='bbox 1342 1827 1368 1857; x_wconf 90' lang='lat' dir='ltr'>si</span> <span class='ocrx_word' id='word_1_509' title='bbox 1384 1827 1539 1858; x_wconf 84' lang='lat' dir='ltr'>ambobus</span> <span class='ocrx_word' id='word_1_510' title='bbox 1552 1827 1644 1858; x_wconf 86' lang='grc'>1101115</span> <span class='ocrx_word' id='word_1_511' title='bbox 1658 1837 1751 1868; x_wconf 84' lang='lat' dir='ltr'>aequa</span> <span class='ocrx_word' id='word_1_512' title='bbox 1763 1828 1852 1859; x_wconf 88' lang='lat' dir='ltr'>lance</span> 
     </span>
     <span class='ocr_line' id='line_1_79' title="bbox 1076 1880 1852 1921; baseline 0.003 -10"><span class='ocrx_word' id='word_1_513' title='bbox 1076 1886 1169 1921; x_wconf 87' lang='lat' dir='ltr'>putas</span> <span class='ocrx_word' id='word_1_514' title='bbox 1183 1890 1250 1911; x_wconf 86' lang='lat' dir='ltr'>esse</span> <span class='ocrx_word' id='word_1_515' title='bbox 1273 1880 1479 1918; x_wconf 82' lang='lat' dir='ltr'>credendum,</span> <span class='ocrx_word' id='word_1_516' title='bbox 1503 1881 1662 1921; x_wconf 88' lang='lat' dir='ltr'>numquid</span> <span class='ocrx_word' id='word_1_517' title='bbox 1678 1881 1743 1912; x_wconf 92' lang='lat' dir='ltr'>ullo</span> <span class='ocrx_word' id='word_1_518' title='bbox 1758 1881 1852 1913; x_wconf 91' lang='lat' dir='ltr'>modo</span> 
     </span>
     <span class='ocr_line' id='line_1_80' title="bbox 1077 1933 1851 1974; baseline 0.003 -10"><span class='ocrx_word' id='word_1_519' title='bbox 1077 1933 1250 1974; x_wconf 80' lang='lat' dir='ltr'>Evangelio</span> <span class='ocrx_word' id='word_1_520' title='bbox 1273 1934 1497 1973; x_wconf 75' lang='lat' dir='ltr'>comparabis?</span> <span class='ocrx_word' id='word_1_521' title='bbox 1512 1934 1562 1964; x_wconf 89' lang='lat' dir='ltr'>An</span> <span class='ocrx_word' id='word_1_522' title='bbox 1584 1934 1775 1974; x_wconf 80' lang='lat' dir='ltr'>scripturam</span> <span class='ocrx_word' id='word_1_523' title='bbox 1793 1944 1851 1966; x_wconf 90' lang='lat' dir='ltr'>no-</span> 
     </span>
     <span class='ocr_line' id='line_1_81' title="bbox 1077 1987 1853 2027; baseline 0.003 -10"><span class='ocrx_word' id='word_1_524' title='bbox 1077 1990 1175 2018; x_wconf 88' lang='lat' dir='ltr'>stram</span> <span class='ocrx_word' id='word_1_525' title='bbox 1186 1987 1245 2018; x_wconf 86' lang='lat' dir='ltr'>scri</span> <span class='ocrx_word' id='word_1_526' title='bbox 1248 1987 1310 2027; x_wconf 82' lang='lat' dir='ltr'>ptis</span> <span class='ocrx_word' id='word_1_527' title='bbox 1323 1987 1481 2019; x_wconf 81' lang='lat' dir='ltr'>canonicis</span> <span class='ocrx_word' id='word_1_528' title='bbox 1491 1988 1694 2027; x_wconf 78' lang='lat' dir='ltr'>coaequabis?</span> <span class='ocrx_word' id='word_1_529' title='bbox 1710 1988 1853 2019; x_wconf 86' lang='lat' dir='ltr'>Profecto</span> 
     </span>
     <span class='ocr_line' id='line_1_82' title="bbox 1078 2041 1854 2081; baseline 0 -9"><span class='ocrx_word' id='word_1_530' title='bbox 1078 2041 1104 2071; x_wconf 86' lang='grc'>51</span> <span class='ocrx_word' id='word_1_531' title='bbox 1119 2044 1201 2072; x_wconf 86' lang='lat' dir='ltr'>recte</span> <span class='ocrx_word' id='word_1_532' title='bbox 1221 2041 1254 2071; x_wconf 91' lang='lat' dir='ltr'>in</span> <span class='ocrx_word' id='word_1_533' title='bbox 1268 2041 1442 2081; x_wconf 80' lang='lat' dir='ltr'>judicando</span> <span class='ocrx_word' id='word_1_534' title='bbox 1465 2041 1559 2081; x_wconf 87' lang='lat' dir='ltr'>sapis,</span> <span class='ocrx_word' id='word_1_535' title='bbox 1577 2041 1673 2080; x_wconf 84' lang='lat' dir='ltr'>longe</span> <span class='ocrx_word' id='word_1_536' title='bbox 1689 2050 1748 2072; x_wconf 88' lang='lat' dir='ltr'>nos</span> <span class='ocrx_word' id='word_1_537' title='bbox 1771 2041 1854 2073; x_wconf 85' lang='lat' dir='ltr'>iufra</span> 
     </span>
     <span class='ocr_line' id='line_1_83' title="bbox 1077 2094 1852 2135; baseline 0 -9"><span class='ocrx_word' id='word_1_538' title='bbox 1077 2096 1167 2127; x_wconf 83' lang='lat' dir='ltr'>vides</span> <span class='ocrx_word' id='word_1_539' title='bbox 1190 2095 1229 2125; x_wconf 89' lang='lat' dir='ltr'>ab</span> <span class='ocrx_word' id='word_1_540' title='bbox 1245 2094 1298 2125; x_wconf 82' lang='lat' dir='ltr'>illa</span> <span class='ocrx_word' id='word_1_541' title='bbox 1313 2094 1498 2125; x_wconf 84' lang='lat' dir='ltr'>auctoritate</span> <span class='ocrx_word' id='word_1_542' title='bbox 1514 2094 1631 2125; x_wconf 86' lang='lat' dir='ltr'>distare</span> <span class='ocrx_word' id='word_1_543' title='bbox 1642 2118 1653 2133; x_wconf 92' lang='lat'>,</span> <span class='ocrx_word' id='word_1_544' title='bbox 1669 2097 1700 2125; x_wconf 91' lang='lat' dir='ltr'>et</span> <span class='ocrx_word' id='word_1_545' title='bbox 1715 2104 1766 2126; x_wconf 90' lang='lat' dir='ltr'>me</span> <span class='ocrx_word' id='word_1_546' title='bbox 1780 2095 1852 2135; x_wconf 85' lang='lat' dir='ltr'>qui—</span> 
     </span>
     <span class='ocr_line' id='line_1_84' title="bbox 1078 2147 1854 2189; baseline 0 -9"><span class='ocrx_word' id='word_1_547' title='bbox 1078 2150 1150 2180; x_wconf 84' lang='lat' dir='ltr'>dem</span> <span class='ocrx_word' id='word_1_548' title='bbox 1177 2148 1317 2187; x_wconf 84' lang='lat' dir='ltr'>longius.</span> <span class='ocrx_word' id='word_1_549' title='bbox 1341 2147 1403 2178; x_wconf 85' lang='lat' dir='ltr'>Sed</span> <span class='ocrx_word' id='word_1_550' title='bbox 1427 2148 1556 2187; x_wconf 87' lang='lat' dir='ltr'>utrique</span> <span class='ocrx_word' id='word_1_551' title='bbox 1580 2151 1727 2179; x_wconf 91' lang='lat' dir='ltr'>nostrum</span> <span class='ocrx_word' id='word_1_552' title='bbox 1750 2158 1854 2189; x_wconf 87' lang='lat' dir='ltr'>quan-</span> 
     </span>
     <span class='ocr_line' id='line_1_85' title="bbox 1078 2201 1853 2241; baseline 0 -7"><span class='ocrx_word' id='word_1_553' title='bbox 1078 2202 1224 2234; x_wconf 88' lang='lat' dir='ltr'>tumlibet</span> <span class='ocrx_word' id='word_1_554' title='bbox 1250 2201 1369 2238; x_wconf 79' lang='lat' dir='ltr'>credas,</span> <span class='ocrx_word' id='word_1_555' title='bbox 1396 2203 1569 2241; x_wconf 85' lang='lat' dir='ltr'>utrumque</span> <span class='ocrx_word' id='word_1_556' title='bbox 1594 2201 1638 2232; x_wconf 90' lang='lat' dir='ltr'>illi</span> <span class='ocrx_word' id='word_1_557' title='bbox 1660 2202 1853 2234; x_wconf 64' lang='lat' dir='ltr'>excellentia}</span> 
     </span>
     <span class='ocr_line' id='line_1_86' title="bbox 1078 2254 1853 2297; baseline -0.001 -9"><span class='ocrx_word' id='word_1_558' title='bbox 1078 2265 1281 2297; x_wconf 84' lang='lat' dir='ltr'>nequaquam</span> <span class='ocrx_word' id='word_1_559' title='bbox 1305 2264 1479 2294; x_wconf 79' lang='lat' dir='ltr'>comparas.</span> <span class='ocrx_word' id='word_1_560' title='bbox 1503 2265 1517 2283; x_wconf 82' lang='grc'>11</span> <span class='ocrx_word' id='word_1_561' title='bbox 1551 2254 1672 2294; x_wconf 83' lang='lat' dir='ltr'>Igitur,</span> <span class='ocrx_word' id='word_1_562' title='bbox 1700 2257 1853 2296; x_wconf 86' lang='lat' dir='ltr'>quoniam</span> 
     </span>
     <span class='ocr_line' id='line_1_87' title="bbox 1079 2308 1853 2347; baseline -0.001 -6"><span class='ocrx_word' id='word_1_563' title='bbox 1079 2311 1187 2342; x_wconf 87' lang='lat' dir='ltr'>divina</span> <span class='ocrx_word' id='word_1_564' title='bbox 1210 2309 1379 2340; x_wconf 82' lang='lat' dir='ltr'>auctoritas</span> <span class='ocrx_word' id='word_1_565' title='bbox 1403 2308 1447 2338; x_wconf 86' lang='lat' dir='ltr'>sic</span> <span class='ocrx_word' id='word_1_566' title='bbox 1470 2317 1618 2347; x_wconf 84' lang='lat' dir='ltr'>expresse</span> <span class='ocrx_word' id='word_1_567' title='bbox 1644 2309 1718 2339; x_wconf 88' lang='lat' dir='ltr'>dicit</span> <span class='ocrx_word' id='word_1_568' title='bbox 1746 2310 1853 2340; x_wconf 88' lang='lat' dir='ltr'>omnia</span> 
     </span>
     <span class='ocr_line' id='line_1_88' title="bbox 1079 2361 1851 2401; baseline -0.001 -7"><span class='ocrx_word' id='word_1_569' title='bbox 1079 2363 1265 2395; x_wconf 87' lang='lat' dir='ltr'>dimittenda</span> <span class='ocrx_word' id='word_1_570' title='bbox 1282 2363 1321 2400; x_wconf 90' lang='lat' dir='ltr'>ei,</span> <span class='ocrx_word' id='word_1_571' title='bbox 1339 2362 1393 2401; x_wconf 87' lang='lat' dir='ltr'>qui</span> <span class='ocrx_word' id='word_1_572' title='bbox 1406 2362 1445 2392; x_wconf 84' lang='lat' dir='ltr'>ad</span> <span class='ocrx_word' id='word_1_573' title='bbox 1461 2361 1685 2401; x_wconf 85' lang='lat' dir='ltr'>perfectionem</span> <span class='ocrx_word' id='word_1_574' title='bbox 1702 2371 1851 2393; x_wconf 87' lang='lat' dir='ltr'>conscen-</span> 
     </span>
     <span class='ocr_line' id='line_1_89' title="bbox 1079 2415 1851 2456; baseline -0.003 -9"><span class='ocrx_word' id='word_1_575' title='bbox 1079 2417 1153 2448; x_wconf 85' lang='lat' dir='ltr'>dere</span> <span class='ocrx_word' id='word_1_576' title='bbox 1177 2417 1264 2456; x_wconf 88' lang='lat' dir='ltr'>cupit</span> <span class='ocrx_word' id='word_1_577' title='bbox 1292 2415 1529 2455; x_wconf 75' lang='lat' dir='ltr'>evangelicam,</span> <span class='ocrx_word' id='word_1_578' title='bbox 1559 2415 1761 2446; x_wconf 81' lang='lat' dir='ltr'>manifestum</span> <span class='ocrx_word' id='word_1_579' title='bbox 1783 2418 1851 2455; x_wconf 81' lang='lat' dir='ltr'>est,</span> 
     </span>
     <span class='ocr_line' id='line_1_90' title="bbox 1080 2467 1852 2510; baseline -0.003 -9"><span class='ocrx_word' id='word_1_580' title='bbox 1080 2470 1164 2510; x_wconf 90' lang='lat' dir='ltr'>quod</span> <span class='ocrx_word' id='word_1_581' title='bbox 1189 2479 1304 2501; x_wconf 89' lang='lat' dir='ltr'>verum</span> <span class='ocrx_word' id='word_1_582' title='bbox 1329 2468 1588 2499; x_wconf 85' lang='lat' dir='ltr'>certitudinaliter</span> <span class='ocrx_word' id='word_1_583' title='bbox 1616 2467 1707 2498; x_wconf 87' lang='lat' dir='ltr'>dehet</span> <span class='ocrx_word' id='word_1_584' title='bbox 1731 2470 1852 2508; x_wconf 84' lang='lat' dir='ltr'>teneri,</span> 
     </span>
     <span class='ocr_line' id='line_1_91' title="bbox 1080 2522 1851 2564; baseline 0 -9"><span class='ocrx_word' id='word_1_585' title='bbox 1080 2524 1165 2564; x_wconf 86' lang='lat' dir='ltr'>quod</span> <span class='ocrx_word' id='word_1_586' title='bbox 1176 2525 1204 2555; x_wconf 92' lang='lat' dir='ltr'>ci</span> <span class='ocrx_word' id='word_1_587' title='bbox 1215 2533 1278 2555; x_wconf 88' lang='grc'>11011</span> <span class='ocrx_word' id='word_1_588' title='bbox 1292 2523 1389 2564; x_wconf 91' lang='lat' dir='ltr'>possit</span> <span class='ocrx_word' id='word_1_589' title='bbox 1404 2522 1470 2553; x_wconf 87' lang='lat' dir='ltr'>sine</span> <span class='ocrx_word' id='word_1_590' title='bbox 1485 2522 1623 2562; x_wconf 82' lang='lat' dir='ltr'>periculo</span> <span class='ocrx_word' id='word_1_591' title='bbox 1634 2522 1707 2553; x_wconf 89' lang='lat' dir='ltr'>fidei</span> <span class='ocrx_word' id='word_1_592' title='bbox 1717 2523 1851 2556; x_wconf 86' lang='lat' dir='ltr'>obviari.</span> 
     </span>
    </p>

    <p class='ocr_par' dir='ltr' id='par_1_7' title="bbox 1121 2575 1853 2616">
     <span class='ocr_line' id='line_1_92' title="bbox 1121 2575 1853 2616; baseline 0 -8"><span class='ocrx_word' id='word_1_593' title='bbox 1121 2578 1170 2609; x_wconf 88' lang='lat' dir='ltr'>Ad</span> <span class='ocrx_word' id='word_1_594' title='bbox 1191 2578 1269 2608; x_wconf 88' lang='lat' dir='ltr'>illud</span> <span class='ocrx_word' id='word_1_595' title='bbox 1294 2586 1382 2615; x_wconf 87' lang='lat' dir='ltr'>vero,</span> <span class='ocrx_word' id='word_1_596' title='bbox 1406 2575 1489 2616; x_wconf 85' lang='lat' dir='ltr'>quod</span> <span class='ocrx_word' id='word_1_597' title='bbox 1517 2575 1620 2614; x_wconf 88' lang='lat' dir='ltr'>primo</span> <span class='ocrx_word' id='word_1_598' title='bbox 1644 2576 1793 2616; x_wconf 88' lang='lat' dir='ltr'>objicitur</span> <span class='ocrx_word' id='word_1_599' title='bbox 1819 2578 1853 2608; x_wconf 88' lang='lat' dir='ltr'>in</span> 
     </span>
    </p>
   </div>
   <div class='ocr_carea' id='block_1_6' title="bbox 1114 2691 1465 2724">
    <p class='ocr_par' dir='ltr' id='par_1_8' title="bbox 1114 2691 1465 2724">
     <span class='ocr_line' id='line_1_93' title="bbox 1114 2691 1465 2724; baseline -0.014 -6"><span class='ocrx_word' id='word_1_600' title='bbox 1114 2695 1147 2724; x_wconf 80' lang='lat' dir='ltr'>(a)</span> <span class='ocrx_word' id='word_1_601' title='bbox 1163 2695 1223 2718; x_wconf 83' lang='lat' dir='ltr'>Caet.</span> <span class='ocrx_word' id='word_1_602' title='bbox 1243 2693 1302 2717; x_wconf 81' lang='lat' dir='ltr'>edit.</span> <span class='ocrx_word' id='word_1_603' title='bbox 1322 2691 1465 2716; x_wconf 66' lang='lat' dir='ltr'>Paulinum.</span> 
     </span>
    </p>
   </div>
   <div class='ocr_carea' id='block_1_7' title="bbox 1894 2583 1974 2604">
    <p class='ocr_par' dir='ltr' id='par_1_9' title="bbox 1894 2583 1974 2604">
     <span class='ocr_line' id='line_1_94' title="bbox 1894 2583 1974 2604; baseline -0.013 0"><span class='ocrx_word' id='word_1_604' title='bbox 1894 2583 1926 2604; x_wconf 74' lang='lat' dir='ltr'>Ad</span> <span class='ocrx_word' id='word_1_605' title='bbox 1941 2589 1974 2604; x_wconf 73' lang='lat' dir='ltr'>nr·</span> 
     </span>
    </p>
   </div>
   <div class='ocr_carea' id='block_1_8' title="bbox 1080 2616 1973 2670">
    <p class='ocr_par' dir='ltr' id='par_1_10' title="bbox 1080 2616 1973 2670">
     <span class='ocr_line' id='line_1_95' title="bbox 1080 2616 1973 2670; baseline 0.024 -24"><span class='ocrx_word' id='word_1_606' title='bbox 1080 2632 1287 2669; x_wconf 61' lang='lat' dir='ltr'>contrarium,</span> <span class='ocrx_word' id='word_1_607' title='bbox 1315 2629 1400 2670; x_wconf 89' lang='lat' dir='ltr'>quod</span> <span class='ocrx_word' id='word_1_608' title='bbox 1427 2628 1579 2669; x_wconf 86' lang='lat' dir='ltr'>pertrahit</span> <span class='ocrx_word' id='word_1_609' title='bbox 1603 2628 1643 2659; x_wconf 89' lang='lat' dir='ltr'>ad</span> <span class='ocrx_word' id='word_1_610' title='bbox 1673 2634 1849 2670; x_wconf 82' lang='lat' dir='ltr'>peecatum,</span> <span class='ocrx_word' id='word_1_611' title='bbox 1868 2616 1973 2666; x_wconf 55' lang='grc' dir='ltr'>11,ωέἒέ</span> 
     </span>
    </p>
   </div>
  </div>
 </body>
</html>
