2029 3052
542 219 593 252 DE
615 219 651 251 B.
674 216 914 256 SEMPERQUE
935 215 1042 248 VlRG.
1068 215 1210 248 MARlA.
1234 216 1368 249 SERMO
1391 217 1431 250 ΙΙ.

176 297 281 318 omnes
294 289 432 318 homines
450 289 547 317 essent
560 295 657 323 regeS,
672 287 725 315 uhi
740 287 911 321 servientes,
927 287 956 313 et

176 337 287 374 quibus
306 335 509 373 imperarent?
531 334 633 363 Nullus
657 342 728 370 ergo
752 341 805 362 rex
827 334 911 367 esset,
930 332 954 360 si

176 393 280 412 omnes
293 383 430 412 homines
444 383 540 411 essent
555 381 694 418 aequales.
716 383 787 410 ltem
805 380 829 409 si
844 380 874 408 in
889 387 954 408 cor-

175 440 248 468 pore
263 432 364 460 nostro
380 429 481 458 omnia
495 429 632 457 membra
647 428 752 456 oculus
773 429 878 462 essent,
901 427 954 454 ubi

176 480 250 507 esset
271 477 399 512 audituS,
422 476 570 505 olfactus?
591 476 643 504 ubi
665 476 781 504 tactus?
800 477 827 503 et
846 474 869 502 si
884 474 952 509 hoc,

174 525 227 554 ubi
240 526 369 561 corpus?
387 524 414 552 Si
428 531 499 559 ergo
515 522 615 551 omnia
630 523 766 551 membra
776 524 952 550 essentocu-

174 573 227 608 lus,
244 572 361 600 nullum
383 573 458 600 esset
478 572 644 599 humanum
668 579 786 607 corpus.
813 569 954 597 Diflerunt

174 628 245 656 ergo
259 619 384 648 humani
401 619 517 655 generis
531 619 698 654 individua,
714 620 748 646 ut
762 626 824 646 esse
839 616 954 653 possint

173 667 275 695 omnia
294 675 355 695 non
376 666 473 694 solum
493 674 556 694 esse
581 666 658 694 inter
674 673 704 693 se
726 664 903 699 differentia,
926 665 954 692 et

173 714 283 749 gradus
293 714 441 750 suscipere
455 713 487 740 in
502 714 618 747 natura,
635 713 688 740 sed
704 712 792 740 etiam
806 712 836 739 in
847 711 952 747 gratia,

172 763 199 789 et
219 763 321 789 caetera
336 760 453 795 singula
468 759 516 787 Dei
532 760 613 787 dona
629 769 636 787 :
653 759 693 787 ita
707 762 807 787 tamen
823 759 907 795 quod
922 759 952 786 in

171 816 232 835 uno
247 807 349 844 aliquo
364 806 544 835 conveniant
563 806 675 840 omnia,
697 814 764 842 quae
786 814 839 842 per
853 808 952 841 partes

170 855 201 882 in
217 854 327 882 caeteris
338 855 407 882 sunt
421 853 526 881 divisa.
539 853 632 887 Unde,
644 853 810 881 secundum
821 852 952 880 Philoso-

170 901 264 938 phum
279 900 299 936 ¹,
314 901 365 928 ille
380 903 423 929 est
437 900 568 937 optimus
585 908 690 936 equus,
711 900 764 936 qui
783 899 885 927 omnia
900 899 952 928 illa

169 949 270 983 habet,
286 956 352 985 quae
366 948 410 976 illi
426 949 526 984 generi
548 951 616 976 sunt
636 948 846 984 competentia.
869 947 951 975 Unde

171 995 251 1030 dicit,
267 996 348 1032 quod
363 995 387 1023 si
403 995 533 1031 optimus
548 1003 643 1032 equus
657 995 764 1023 melior
779 997 821 1022 est
836 995 950 1031 optimo

171 1043 266 1076 asino,
283 1051 378 1079 equus
393 1042 564 1079 simpliciter
579 1042 662 1070 asino
681 1044 724 1070 est
743 1041 859 1069 melior.
877 1043 950 1069 Cum

169 1089 258 1124 igItur
272 1098 423 1118 summum
445 1089 635 1117 individuum
652 1089 683 1116 in
697 1089 830 1116 humana
845 1091 950 1116 natura

169 1137 205 1164 sit
223 1137 329 1164 mundi
344 1137 467 1172 Regina,
483 1137 514 1164 in
529 1145 589 1173 qua
604 1136 706 1164 omnia
728 1136 818 1163 simul
841 1143 950 1163 conve·

168 1183 254 1211 niunt
274 1184 323 1211 Dei
347 1184 438 1219 dona,
458 1192 525 1220 quae
540 1191 593 1220 per
608 1185 706 1220 partes
721 1184 789 1211 sunt
804 1183 869 1211 aliis
885 1191 951 1210 san-

169 1231 220 1259 ctis
236 1231 403 1266 distributa,
423 1231 492 1259 ideo
515 1231 580 1268 ipsa
602 1232 679 1260 inter
697 1240 788 1268 puras
802 1234 951 1260 creaturas

169 1280 210 1306 est
223 1278 254 1306 in
269 1287 387 1307 summo
403 1281 544 1307 creaturae
559 1278 700 1314 perfecta,
721 1281 749 1306 et
764 1278 794 1306 in
805 1279 888 1306 nullo
901 1287 951 1314 pe—

167 1325 246 1353 nitus
261 1325 417 1354 diminuta.
438 1326 519 1355 Unde
540 1326 737 1362 Hieronymus
755 1324 765 1340 ²
781 1335 787 1352 :
808 1335 822 1351 «
837 1325 950 1353 Caeteris

168 1373 278 1400 Sanctis
292 1381 346 1409 per
359 1375 458 1409 partes
472 1373 541 1400 data
556 1375 598 1400 651
612 1373 707 1408 gratia
719 1383 726 1408 3
748 1372 801 1400 sed
816 1373 846 1400 in
861 1372 950 1400 Maria

168 1421 260 1447 totam
274 1428 304 1448 se
317 1420 425 1447 infudit
441 1420 541 1456 gratiae
556 1420 723 1455 plenitudo.
739 1430 752 1446 »
770 1421 809 1447 Ex
825 1419 950 1448 auctori-

167 1467 276 1494 tatibus
288 1467 318 1494 in
331 1467 476 1503 superiori
491 1468 632 1494 Sermone
644 1467 706 1502 jam
723 1466 808 1494 dictis
820 1466 950 1494 Anselmi

168 1516 195 1542 et
219 1514 371 1549 Bernardi,
390 1516 470 1550 patet
490 1516 602 1550 aperte,
628 1513 711 1549 quod
732 1515 814 1541 tanta
835 1513 890 1541 fuit
915 1513 946 1540 in

167 1569 202 1589 ca
217 1561 320 1596 gratia,
337 1563 476 1597 tantaque
490 1561 645 1596 sapientia,
659 1562 691 1588 ut
701 1560 731 1587 in
742 1562 877 1588 ereatura
887 1568 949 1588 11011

166 1608 248 1636 unita
263 1607 408 1636 divinitati
423 1608 521 1643 major
536 1615 598 1634 non
612 1607 706 1643 possit
719 1607 854 1642 intelligi.
872 1607 948 1640 Quid

166 1655 260 1690 magis
283 1655 380 1690 potuit
403 1654 555 1690 percipere
577 1656 722 1685 creatura,
744 1663 836 1690 quam
856 1656 948 1682 Deum

166 1702 276 1730 habere
292 1702 388 1729 filium
404 1702 460 1729 sibi
477 1702 664 1737 subJectum?
685 1703 788 1730 Nonne
814 1702 871 1730 hoc
893 1702 947 1730 ad—

166 1750 432 1784 mirabilissimum,
445 1750 594 1786 valdeque
610 1750 802 1787 stupendum,
818 1750 895 1778 intra
909 1750 947 1787 (a)

168 1799 317 1825 creaturas
340 1797 390 1825 vix
413 1799 608 1825 contentum?
627 1797 708 1825 Unde
730 1798 898 1825 Bernardus
912 1798 922 1814 ³
940 1807 946 1825 :

169 1854 182 1869 «
203 1845 304 1872 Mirare
320 1844 503 1878 utrumlibet,
520 1846 547 1872 et
560 1844 636 1879 elige
652 1844 735 1880 quod
751 1845 879 1880 amplius
894 1844 947 1872 mi-

166 1892 262 1919 reris:
287 1892 348 1919 sive
373 1891 435 1918 Filii
457 1891 704 1926 benignissimam
727 1891 945 1926 dignationem,

166 1938 227 1966 sive
244 1939 338 1966 Matris
358 1939 635 1966 excellentissimam
651 1939 836 1974 dignitatem.
854 1940 947 1968 Utrin-

166 1994 235 2021 que,
251 1997 264 2010 »
280 1985 385 2021 inquit,
405 1996 418 2012 «
433 1988 548 2022 stupor,
563 1986 702 2022 utrinque
712 1986 907 2014 miraculum:
920 1989 948 2014 et

165 2032 250 2068 quod
270 2034 344 2060 Deus
363 2033 491 2060 l'oeminae
506 2033 701 2068 obtemperet,
718 2033 868 2061 humilitas
884 2033 946 2061 sine

166 2079 322 2115 exemplog
339 2081 367 2107 et
383 2080 466 2116 quod
481 2082 539 2107 Deo
554 2079 676 2108 foemina
691 2080 884 2116 principetur,
899 2089 946 2108 su-

165 2126 295 2154 blimitas
305 2127 367 2154 sine
377 2127 469 2155 socio.
481 2137 494 2152 »
506 2127 587 2154 Unde
602 2127 673 2154 etin
685 2127 743 2155 alio
757 2127 824 2155 loco
838 2128 909 2155 dicit
918 2128 942 2155 Αε

168 2183 181 2199 α
202 2174 322 2201 Mariam
337 2174 367 2200 in
383 2174 458 2201 coelo
474 2182 562 2209 super
578 2174 680 2202 omnia
695 2174 864 2209 exaltatam,
876 2175 944 2202 etin

166 2221 273 2247 throno
291 2220 338 2247 Dei
361 2221 493 2256 quodam
517 2221 609 2248 modo
632 2221 820 2254 collocatam,
841 2222 945 2256 Angeli

165 2276 269 2295 omnes
290 2270 317 2295 et
337 2268 432 2296 Sancti
460 2268 601 2295 laudibus
629 2269 777 2296 honorant
804 2268 943 2303 dignissi-

165 2315 229 2342 mis.
253 2316 404 2350 »Propter
428 2314 505 2341 hanc
528 2323 598 2350 crgo
628 2314 839 2350 perfectionem
861 2323 942 2342 sum-

164 2370 255 2397 mam,
284 2362 390 2389 dicitur
417 2370 423 2388 :
454 2363 521 2396 Ave,
549 2364 639 2396 9111(ιά
662 2364 752 2396 plena.
777 2364 808 2390 ln
833 2362 943 2398 quibus

197 2449 202 2461 ¹
220 2447 306 2478 Arist,
321 2446 411 2470 Moval.
425 2446 560 2474 Nt‘comac„
573 2446 614 2469 1111,
634 2447 663 2476 ll,
678 2454 700 2470 0.
714 2452 790 2470 V1.—
806 2447 942 2478 211101011,

164 2483 190 2507 iu
210 2490 286 2507 serm.
303 2483 332 2505 ‹le
355 2484 481 2513 Assumpt.
499 2482 581 2505 [trane
602 2483 705 2510 Μηνίιε,
727 2483 802 2512 paulo
821 2486 878 2513 post
893 2483 941 2506 1111-

165 2519 241 2549 tium,
257 2519 330 2549 epist.
348 2525 373 2542 x.
388 2532 419 2536 —
437 2519 447 2535 3
464 2519 548 2547 Bcrn„
565 2525 641 2548 super
662 2519 751 2541 Missus
772 2522 817 2548 est,
838 2519 908 2542 hom.
925 2525 942 2548 1,

164 2562 188 2578 n.
210 2556 233 2578 7.
252 2568 282 2572 --
303 2555 310 2568 ⁴
333 2555 378 2584 td„
399 2555 423 2577 in
446 2555 569 2584 Aswmpt.
590 2554 618 2576 B.
641 2554 717 2581 Mur..
739 2561 815 2578 serm.
837 2561 852 2584 1,
872 2561 896 2581 11,
919 2556 943 2583 4,

165 2590 248 2621 quoad
270 2596 381 2614 sensum.
398 2603 428 2607 —
449 2591 457 2604 ⁵
481 2598 493 2611 «
513 2590 614 2612 Ileatam
639 2589 771 2619 Virginem
791 2590 817 2613 in
835 2592 941 2620 peccato

165 2625 281 2656 originali
301 2626 379 2649 fuisse
406 2631 557 2656 conceptam
579 2631 637 2648 cum
659 2625 687 2648 B.
714 2625 860 2656 Bcruardo,
883 2633 942 2649 cuin

165 2661 191 2684 S.
211 2661 323 2691 Thema,
346 2663 371 2684 et
391 2668 450 2685 eum
472 2661 526 2684 aliis
549 2662 575 2684 B.
600 2661 782 2684 Bonaventura
796 2660 822 2684 in
842 2661 886 2685 lib.
909 2661 939 2684 lll

165 2698 244 2725 Sent..
264 2697 320 2721 dist.
339 2703 383 2727 111,
401 2699 448 2721 art.
468 2700 492 2727 1,
509 2699 597 2727 qtiaest.
617 2703 623 2720 1
640 2699 664 2720 ct
679 2702 708 2727 11,
725 2696 831 2721 omnino
847 2699 940 2721 tuetur.

1737 221 1791 251 111

1012 284 1113 314 verbis
1137 286 1179 313 est
1204 293 1323 314 summa
1349 285 1413 321 ejus
1437 285 1580 322 perfectio
1609 285 1763 321 designata
1786 297 1792 315 ι

1011 339 1082 359 nam
1115 340 1233 361 summa
1265 332 1406 369 perfectio
1437 332 1468 360 in
1498 332 1619 361 duobus
1652 333 1794 369 consistit,

1012 378 1123 406 scilicet
1138 379 1167 406 in
1183 380 1334 408 amotione
1350 380 1447 408 omnis
1464 380 1546 414 mali,
1569 382 1597 408 et
1618 380 1648 408 111
1663 380 1793 416 plenitu-

1012 425 1081 453 dine
1104 426 1201 453 omnis
1225 426 1297 454 boni
1319 436 1325 454 :
1348 435 1402 455 nec
1424 427 1578 463 praesentia
1602 428 1700 455 omnis
1721 427 1794 456 boni

1011 473 1125 509 absque
1142 474 1273 502 carentia
1290 475 1387 502 omnis
1403 475 1474 503 mali
1488 477 1585 511 potest
1599 475 1695 503 facere
1706 476 1794 512 plene

1011 520 1145 548 beatum.
1161 522 1194 549 Ut
1208 521 1296 557 igitur
1311 522 1385 550 nihil
1405 523 1436 550 111
1458 523 1583 551 Domina
1606 524 1709 550 nostra
1729 531 1794 559 per-

1011 567 1145 595 fectionis
1161 568 1287 603 deesset,
1303 569 1480 597 describitur
1500 571 1598 606 primo
1621 579 1674 606 per
1696 571 1794 598 omnis

1011 615 1082 643 mali
1099 615 1277 650 absentiam,
1294 625 1362 644 011111
1379 616 1496 650 dicitur,
1513 618 1580 652 Ave,
1594 618 1679 654 quod
1694 620 1736 646 est
1750 618 1794 646 di-

1011 671 1075 691 cere
1093 673 1100 691 :
1117 664 1184 691 Sine
1200 672 1255 692 vae.
1278 664 1414 693 Secundo
1431 665 1609 693 describitur
1628 673 1681 702 per
1696 666 1794 693 omnis

1010 710 1083 738 boni
1103 711 1300 747 praesentiam,
1326 720 1395 739 cum
1417 711 1540 739 infertur
1557 722 1564 740 :
1586 715 1679 747 qratv'a
1699 713 1791 748 plena.

1009 758 1088 785 Tunc
1104 757 1183 785 enim
1203 766 1255 786 vas
1273 758 1380 786 dicitur
1395 767 1457 786 esse
1472 758 1606 794 plenum,
1623 759 1746 795 quando
1761 759 1792 787 in

1010 812 1046 832 eo
1071 804 1146 832 nihil
1171 807 1271 833 manet
1291 800 1507 840 vacuum,'sed
1536 805 1616 834 foras
1643 807 1793 842 spargitur

1010 851 1160 888 quidquid
1181 852 1223 880 illi
1245 852 1332 880 fuerit
1357 853 1553 889 superfluum.
1580 854 1717 881 Dicamus
1737 854 1792 889 igi-

1009 899 1056 926 tur
1069 908 1075 926 ι
1092 900 1160 933 Ave,
1176 901 1268 934 qratia
1281 901 1372 935 plena.
1390 901 1437 928 Est
1451 900 1540 935 igitur
1555 900 1602 928 hic
1613 900 1791 936 notandum,

1010 945 1093 981 quod
1114 945 1182 973 licet
1204 947 1330 975 Domina
1351 949 1452 975 nostra
1475 946 1562 975 fuerit
1588 947 1671 975 omni
1697 948 1792 983 gratia

1008 993 1097 1028 plena
1112 994 1140 1020 et
1154 993 1321 1029 superfusa,
1335 994 1564 1030 quadruplicem
1576 996 1674 1022 tamen
1686 995 1792 1023 habuit

1009 1040 1134 1075 gratiam
1150 1041 1316 1077 specialiter
1332 1050 1338 1069 :
1355 1049 1426 1068 nam
1441 1041 1538 1077 primo
1554 1041 1644 1077 plcna
1660 1041 1715 1069 fuit
1734 1043 1791 1070 Do-

1008 1087 1090 1114 mina
1107 1087 1201 1122 gratia
1220 1088 1417 1123 praeveniente
1433 1088 1463 1115 in
1477 1096 1531 1117 sua
1547 1088 1790 1124 sanctificatione,

1009 1134 1103 1169 gratia
1113 1135 1323 1170 praeservativa
1335 1138 1438 1163 contra
1448 1135 1664 1171 turpitudinem
1677 1136 1772 1172 culpae
1782 1146 1789 1171 ς

1007 1181 1151 1216 secundo,
1175 1181 1269 1217 gratia
1284 1181 1474 1210 foecundante
1492 1183 1521 1210 in
1538 1183 1601 1210 Filii
1618 1184 1666 1211 Dei
1684 1191 1791 1211 conce-

1007 1227 1119 1264 ptione,
1140 1229 1234 1264 gratia
1250 1228 1453 1257 foecundativa
1471 1231 1593 1265 propter
1612 1232 1791 1266 conceptum

1007 1274 1180 1310 integritatis
1206 1276 1365 1312 virgineae3
1390 1277 1485 1311 tertio,
1509 1277 1604 1312 gratia
1629 1277 1790 1305 decorante

1006 1321 1038 1350 in
1053 1331 1107 1350 sua
1123 1323 1359 1358 conversatione,
1376 1324 1470 1359 gratia
1485 1323 1655 1352 decorativa
1669 1327 1791 1360 propter

1006 1369 1261 1405 pulchritudinem
1284 1370 1367 1406 vitae3
1399 1373 1517 1407 quarto,
1538 1371 1633 1406 gratia
1648 1379 1789 1400 consum-

1006 1420 1106 1444 mante
1125 1417 1154 1445 in
1177 1425 1230 1445 sua
1250 1417 1477 1453 glorificatione,
1505 1421 1533 1446 et
1556 1419 1678 1446 ulterius
1697 1419 1791 1454 gratia

1007 1464 1201 1499 completiva,
1216 1467 1337 1501 propter
1352 1465 1544 1493 eminentiam
1560 1465 1661 1501 gloriae
1677 1468 1737 1494 tam
1758 1466 1789 1494 in

1007 1510 1106 1538 anima
1120 1519 1213 1547 quam
1229 1512 1259 1539 in
1275 1520 1410 1548 corpore.

1044 1558 1111 1586 Dico
1134 1559 1244 1595 primo,
1266 1560 1348 1596 quod
1366 1560 1491 1588 Domina
1509 1563 1610 1588 nostra
1631 1560 1684 1588 fuit
1699 1561 1789 1597 plena

1008 1605 1103 1640 gratia
1118 1606 1316 1641 praeveniente
1329 1607 1359 1634 in
1371 1615 1424 1635 sua
1435 1607 1678 1642 sanctificatione,
1694 1608 1788 1643 gratia

1005 1653 1116 1681 scilicet
1138 1654 1348 1689 praeservativa
1364 1656 1466 1682 contra
1480 1655 1641 1682 foeditatem
1658 1655 1788 1690 origina-

1006 1700 1043 1727 lis
1072 1700 1176 1736 culpae,
1206 1709 1297 1737 quam
1326 1701 1517 1729 contraxisset
1540 1710 1575 1729 ex
1598 1702 1787 1737 corruptione

1004 1750 1130 1784 naturae,
1146 1749 1201 1776 nisi
1217 1748 1337 1785 speciali
1358 1749 1453 1784 gratia
1476 1751 1637 1785 praeventa,
1662 1757 1785 1785 praeser-

1004 1798 1132 1831 vataque
1148 1796 1257 1823 suisset.
1280 1795 1365 1823 Solus
1385 1796 1464 1823 enim
1487 1796 1573 1823 Filius
1589 1796 1714 1831 Virginis
1733 1796 1787 1824 fuit

1004 1843 1042 1871 ab
1058 1843 1195 1878 originali
1210 1843 1298 1878 culpa
1313 1843 1465 1876 immunis,
1486 1844 1513 1870 01
1534 1843 1598 1878 ipsa
1612 1845 1706 1871 mater
1722 1844 1784 1878 ejus

1003 1890 1092 1925 Virgo
1107 1890 1126 1916 5.
1145 1889 1333 1917 Credendum
1349 1892 1391 1917 est
1407 1890 1497 1923 enim,
1514 1890 1598 1925 quod
1618 1898 1698 1917 novo
1718 1899 1784 1918 san-

1003 1936 1187 1964 ctificationis
1199 1944 1305 1972 genere
1321 1937 1351 1963 in
1367 1937 1430 1972 ejus
1445 1937 1648 1972 conceptionis
1657 1937 1783 1973 primor-

1003 1983 1065 2017 dio,
1089 1983 1210 2019 Spiritus
1234 1986 1351 2011 sanctus
1371 1992 1437 2011 eam
1459 1992 1475 2011 a
1496 1986 1616 2019 peccato
1645 1984 1783 2019 originali

1002 2030 1075 2066 (non
1097 2031 1181 2066 quod
1203 2030 1298 2064 insuit,
1315 2030 1367 2058 sed
1382 2030 1465 2067 quod
1480 2030 1622 2066 infuisset)
1645 2031 1781 2066 redemit,

1002 2080 1090 2113 atque
1111 2077 1253 2112 singulari
1276 2078 1369 2113 gratia
1393 2078 1591 2113 praeservavit.
1613 2080 1644 2106 Et
1664 2079 1701 2105 de
1725 2079 1782 2106 hoc

1001 2127 1097 2160 potest
1121 2125 1229 2160 exponi
1252 2124 1326 2151 illud
1343 2126 1352 2141 ‘⁵
1372 2134 1377 2152 :
1399 2135 1411 2149 (1
1426 2125 1524 2152 Gratia
1540 2133 1628 2160 super
1645 2125 1781 2160 gratiam,

1001 2172 1108 2199 mulier
1130 2173 1231 2199 sancta
1256 2174 1284 2198 ct
1302 2171 1458 2207 pudorata.
1478 2182 1491 2198 »
1508 2172 1609 2199 Mulier
1630 2174 1731 2200 sancta
1755 2175 1782 2200 et

1000 2219 1111 2254 pudica
1126 2218 1180 2245 fuit
1196 2218 1282 2253 Virgo
1300 2219 1399 2252 Maria,
1413 2227 1479 2254 quae
1494 2226 1554 2246 non
1569 2219 1666 2247 solum
1677 2219 1782 2247 habuit

1000 2265 1125 2300 gratiam
1151 2265 1263 2292 cunctis
1286 2273 1495 2299 commuuem3
1520 2266 1572 2293 sed
1594 2275 1681 2302 super
1704 2267 1781 2294 hanc

999 2313 1103 2341 habuit
1117 2313 1241 2348 gratiam
1257 2314 1502 2348 sanctificantem,
1516 2316 1548 2342 ut
1562 2323 1623 2342 non
1638 2317 1735 2342 solum
1750 2323 1780 2342 111

1000 2361 1234 2395 conversatione,
1244 2361 1394 2389 sedetiam
1406 2361 1492 2389 fuerit
1507 2365 1608 2389 sancta
1622 2362 1651 2389 iu
1668 2364 1778 2389 ventre.

1000 2444 1064 2469 ltine
1083 2451 1159 2468 serm.
1179 2443 1247 2467 hune
1270 2445 1294 2468 Β.
1318 2445 1505 2467 Bonaventunr.
1523 2451 1575 2467 11011
1592 2451 1656 2473 csse,
1673 2443 1779 2468 omnino

999 2480 1130 2503 fatendum
1149 2482 1198 2510 651,
1219 2487 1276 2503 cum
1297 2480 1351 2510 ipsc
1374 2480 1457 2503 multis
1473 2480 1527 2502 aliis
1549 2480 1573 2502 in
1593 2480 1657 2503 locis
1677 2480 1779 2510 opinio-

998 2523 1057 2540 nem
1073 2516 1097 2539 111
1114 2516 1157 2539 1111.
1177 2517 1205 2539 lll
1228 2517 1296 2539 svnt.
1313 2516 1477 2541 attii-matam.
1499 2516 1605 2538 0111111110
1622 2519 1646 2539 et
1662 2519 1779 2539 constan-

998 2556 1036 2576 ter
1051 2552 1178 2576 defendat.
1199 2561 1208 2573 n
1223 2553 1281 2575 ll-ec
1294 2554 1450 2575 annotarunt
1467 2551 1580 2574 Etlitores
1598 2552 1671 2575 Rom‹
1681 2558 1716 2581 111;
1733 2553 1793 2575 5611>

998 2588 1029 2611 ad
1046 2588 1196 2611 memoriam
1212 2595 1333 2611 revocare
1345 2587 1419 2618 juvat
1434 2587 1683 2611 animadversionem
1701 2594 1778 2618 quam

998 2625 1164 2655 posuimusiu
1177 2627 1338 2648 antecessum
1353 2624 1414 2647 tomi
1431 2624 1470 2653 tv,
1485 2630 1542 2654 pag.
1560 2629 1616 2654 xlii,
1633 2631 1735 2648 necnon
1749 2631 1778 2647 ea

998 2667 1054 2691 quse
1069 2660 1179 2684 diximus
1189 2661 1213 2684 in
1228 2663 1398 2690 antecessum,
1411 2666 1443 2683 ex
1456 2659 1606 2689 Prodromo,
1620 2660 1682 2683 tomi
1694 2660 1776 2691 hujus.

997 2709 1027 2713 —
1046 2696 1056 2712 θ
1072 2695 1163 2725 ΕσσΙί.,
1181 2702 1253 2727 xxw,
1270 2698 1307 2720 19.
1323 2709 1353 2713 —-
1371 2696 1405 2726 (a)
1422 2695 1484 2719 Goet.
1501 2694 1562 2719 edre.
1578 2695 1652 2719 iufra.
