2060 3052
230 237 270 268 56
613 231 824 266 SERMONES
846 229 896 263 DE
918 227 1085 262 SANCTIS
1106 229 1148 263 IN
1166 229 1363 264 COMMUNI.
1384 227 1466 262 XXI.

229 303 336 332 naliter
349 302 418 331 sunt
431 302 575 332 coronati.
599 303 648 332 Est
660 301 741 330 enim
762 299 896 337 primum
914 305 1011 336 poenae

230 350 347 379 inflictae
356 349 524 386 modicitas,
536 357 629 387 quam
635 348 837 378 sustinuerunt
847 346 879 375 in
889 353 994 383 pugna
1000 355 1009 382 ;

230 398 284 427 sed
298 397 464 427 secundum
482 399 525 426 est
546 397 648 434 gloriae
664 397 729 433 Jam
749 396 896 432 pereeptae
918 393 1011 422 subli-

231 446 328 482 mitas,
344 454 437 483 quam
450 444 605 482 possident
622 444 654 472 in
674 450 796 472 corona.
821 441 919 470 Primo
939 448 1011 477 ergo

231 495 351 522 notatur
374 492 532 521 modicitas
551 498 665 528 poenoe,
691 498 761 518 cum
788 489 896 518 dicitur
918 497 926 516 z
950 489 1013 518 Non

232 542 296 570 sunt
309 539 448 575 condiqnoe
460 539 599 575 passiones
612 537 692 573 huJ'us
707 538 846 573 temporis.
862 535 1013 569 Secundo,

233 589 352 617 notatur
365 586 531 615 sublimitas
544 585 657 622 gloriae,
673 593 742 613 cum
757 583 881 612 infertur
895 592 901 611 :
917 583 954 611 ad
967 584 1014 618 Γιι-

234 638 325 663 turam
338 634 465 669 gloriam,
477 641 536 669 quoe
549 632 714 661 revelabitur
727 633 758 659 in
773 632 858 659 nobis.
878 630 1014 658 Dicamus

233 689 317 718 ergo,
331 680 434 709 omnta
447 679 537 708 simul
550 680 723 714 tractantes,
739 677 824 715 quod
837 678 883 706 hae
899 680 1015 713 tempo-

233 729 311 758 rates
323 736 421 765 poenae
432 735 451 756 a
460 726 569 756 sanctis
578 726 755 764 Martyribus
766 726 900 762 portatae,
911 733 1016 762 quam-

234 776 279 805 vis
299 775 540 804 remuneratione
559 774 617 802 sint
631 773 740 810 dignae,
755 780 817 801 non
832 774 932 800 tamen
949 773 1017 800 sunt

235 823 408 859 condignae‚
431 821 477 850 illi
497 829 620 850 summoe
641 820 744 857 gloriae
757 821 951 856 comparatae,
966 819 1017 847 tri-

235 870 306 908 plici
329 870 444 898 ratione
465 878 472 898 :
496 869 612 906 primo,
643 868 716 905 quia
739 868 808 896 sunt
835 866 958 902 debitae,
981 874 1018 895 ex

235 918 319 954 parte
339 916 431 946 nostri
438 925 446 952 ;
471 915 616 950 secundo,
637 914 708 952 quia
730 915 798 942 sunt
816 914 966 950 gratustae,
981 921 1016 942 ex

236 966 319 1002 parte
338 963 403 998 Dei;
424 963 524 999 tertio,
544 962 616 999 quia
636 963 705 990 sunt
722 961 863 997 modicae,
885 969 921 989 ex
934 963 1017 997 parte

237 1012 292 1040 sui.

274 1059 360 1093 Dico,
376 1058 461 1095 quod
474 1065 570 1095 poenoe
591 1065 653 1086 non
673 1059 740 1085 sunt
759 1056 931 1092 condignae,
948 1056 1020 1092 quia

239 1108 306 1135 sunt
321 1105 429 1134 debitae
449 1113 485 1134 ex
503 1107 585 1142 parte
600 1104 702 1133 nostri.
726 1104 918 1140 Condignitas
939 1103 1020 1131 enim

240 1162 276 1182 ex
295 1155 422 1189 utraque
444 1153 527 1189 parte
547 1151 695 1188 aequalem
715 1152 801 1188 ponit
819 1151 993 1187 dignitatem
1012 1160 1018 1178 ι

239 1209 302 1229 non
317 1200 395 1229 enim
411 1202 454 1228 est
466 1199 652 1235 condignitas
672 1199 702 1227 in
721 1199 817 1235 poenis
833 1198 940 1226 nostris
955 1197 1019 1233 glo-

241 1248 291 1277 riae
305 1246 493 1284 comparatis
517 1247 633 1281 Quare?
652 1246 726 1280 Quia
741 1246 770 1274 in
785 1245 911 1282 peccatis
924 1245 1020 1272 nasci-

241 1303 320 1331 mur,
339 1295 369 1323 in
389 1294 516 1331 peccatis
536 1293 662 1322 vivimus
679 1302 686 1321 :
703 1301 796 1330 quare
811 1293 906 1329 poenis
928 1294 956 1320 et
979 1292 1021 1320 at-

242 1342 422 1371 tlictionibus
437 1341 519 1378 digni
535 1349 647 1369 sumus.
664 1340 745 1368 Unde
764 1340 872 1368 dicitur
888 1341 894 1357 ¹
912 1349 918 1368 :
937 1351 950 1365 ιι
965 1340 1022 1367 Me-

242 1391 298 1419 rito
317 1390 379 1418 hoec
398 1390 538 1426 patimur,
561 1389 632 1425 quia
651 1388 839 1425 peccavimus
858 1387 887 1415 in
903 1388 1023 1415 fratrem

242 1440 387 1473 nostrum,
405 1448 418 1463 n
436 1437 466 1465 id
482 1439 534 1471 est,
557 1436 713 1470 Christum,
731 1435 781 1472 qui
797 1435 867 1462 dicit
889 1435 919 1462 in
944 1434 1022 1463 Psal-

244 1485 300 1513 mis
314 1484 325 1500 ²
341 1494 347 1512 :
368 1494 380 1510 «
396 1484 527 1512 Narrabo
543 1491 653 1511 nomen
664 1485 746 1511 tuum
762 1482 900 1510 fratribus
912 1481 995 1509 meis.
1008 1492 1020 1506 n

242 1532 312 1566 Quis
328 1532 407 1560 enim
423 1533 465 1559 est
483 1530 534 1567 qui
549 1538 610 1558 non
630 1530 753 1566 peccet?
773 1529 901 1557 ,lacobus
915 1530 925 1545 ³
940 1538 946 1556 z
963 1539 977 1554 ιι
993 1530 1024 1556 in

244 1579 342 1607 multis
361 1579 440 1607 enim
462 1578 643 1606 offendimus
667 1585 781 1605 omnes.
808 1587 821 1602 n
846 1578 855 1593 ⁸
883 1588 895 1601 ιι
918 1580 1025 1603 omnes

244 1628 450 1663 peccaverunt,
462 1628 585 1660 etegent
600 1625 693 1659 gratia
710 1624 766 1651 liei.
785 1634 797 1649 n
811 1623 892 1651 t‘ndc
908 1623 1026 1651 dicebat

244 1676 344 1701 sancta
360 1673 412 1701 illa
426 1673 524 1700 Judith
541 1673 551 1689 ⁵
568 1681 574 1699 :
596 1684 606 1695 ..
623 1673 686 1699 Non
703 1671 880 1698 ulciscamur
896 1678 951 1697 nos
969 1679 1024 1706 pro

245 1721 309 1756 his,
339 1728 406 1757 quse
438 1720 584 1756 patimur;
614 1718 666 1746 sed
701 1720 868 1754 reputantes
898 1718 1026 1753 pcccatis

246 1767 351 1796 nostris
368 1768 429 1795 haec
442 1767 506 1803 ipsa
523 1766 639 1793 minora
657 1773 719 1793 esse
740 1764 901 1801 supplicia,
917 1764 1027 1800 quibus

247 1815 331 1851 quasi
346 1814 522 1843 verberibus
538 1813 652 1841 Domini
669 1812 857 1848 corripimur,
873 1812 911 1840 ad
928 1821 1027 1840 emen-

248 1863 408 1895 dationem,
431 1869 492 1889 non
514 1861 553 1889 ad
575 1860 773 1897 perditionem
789 1860 903 1887 venisse
923 1859 1027 1887 creda·

248 1918 352 1937 mus.»
373 1908 522 1944 Numquid
545 1916 606 1935 nou
630 1907 717 1934 bruta
740 1907 818 1934 filios
841 1915 910 1934 suos
934 1907 1026 1934 corri-

248 1959 330 1992 gunt,
345 1956 369 1983 si
385 1955 558 1983 offendunt?
580 1954 649 1989 Quis
670 1954 772 1988 homo,
796 1954 850 1981 nisi
877 1953 1028 1981 stultitiam

249 2003 354 2039 sapiat,
370 2003 420 2039 qui
437 2002 532 2029 tilium
555 2001 632 2029 male
649 2004 784 2036 agentem
804 2009 864 2028 non
880 2001 1029 2036 corrigat?

249 2051 305 2078 Sed
320 2052 431 2078 certum
446 2052 488 2077 est
503 2058 538 2076 ex
549 2049 610 2084 jam
632 2048 726 2082 dictis,
746 2048 827 2084 quod
844 2057 945 2076 omncs
961 2057 1029 2085 pec-

249 2100 363 2126 catores
375 2105 486 2125 sumus.
504 2098 580 2132 Ergo
594 2098 621 2123 et
633 2096 708 2131 juste
725 2095 785 2132 pati
799 2095 953 2123 debemus.
967 2097 1029 2123 Non

250 2145 329 2173 enim
345 2153 437 2181 ponne
452 2146 557 2172 nostrae
577 2143 733 2178 eondignae
749 2145 815 2170 sunt
839 2145 947 2170 :eterna
966 2143 1029 2177 glo-

250 2193 303 2220 ria.
320 2192 469 2227 Numquid
492 2199 608 2225 servuS,
632 2190 683 2226 qui
707 2190 843 2218 laborare
867 2193 980 2218 tcnetur
1000 2191 1030 2218 in

251 2240 338 2268 vinea
355 2239 484 2273 domini,
508 2247 542 2266 ex
560 2239 661 2266 labore
681 2238 848 2266 mercedem
874 2239 1030 2274 expectat?

251 2286 401 2322 Numquid
429 2285 479 2321 qui
508 2285 605 2313 reddit
637 2285 769 2313 debitum
783 2306 790 2317 ‚
820 2293 855 2312 cx
888 2285 945 2313 hoc
980 2294 1029 2313 ex-

250 2335 346 2370 pectat
368 2332 544 2369 praemium?
569 2332 718 2367 Numquid
743 2331 793 2367 qui
817 2332 926 2360 crimen
949 2340 1030 2360 com-

252 2381 339 2415 misit,
357 2382 388 2408 ut
408 2380 577 2407 membrum
599 2378 680 2406 aliud
703 2379 738 2405 sit
761 2379 885 2414 perdere
911 2379 1029 2414 dignus,

252 2430 386 2464 expectat
400 2427 567 2463 praemium,
589 2426 660 2454 dum
677 2427 701 2453 ci
721 2426 805 2454 suerit
821 2430 1030 2463 amputatum?

254 2477 328 2510 Ergo
344 2483 403 2502 non
419 2473 557 2502 bonitatis
577 2475 618 2501 est
640 2475 756 2507 nostrze,
778 2474 827 2501 scd
845 2474 951 2501 dirime
975 2475 1030 2502 bo-

253 2522 359 2556 nitatis,
379 2522 401 2548 si
423 2529 526 2557 peenas
542 2523 720 2554 remunerat,
735 2529 809 2556 quas
823 2522 898 2555 juste
914 2522 965 2549 scit
980 2530 1031 2549 no·

253 2568 299 2596 bis
318 2576 379 2596 esse
403 2568 535 2596 inflictas.
560 2568 619 2595 Non
640 2571 701 2595 suu!
724 2576 783 2602 eruo
805 2569 944 2603 comit'tjnae
964 2577 1030 2604 pas-

287 2645 290 2656 ¹
310 2643 381 2674 Gen„
396 2648 462 2672 xmi,
480 2644 518 2666 21.
537 2656 564 2659 —-
583 2643 589 2656 ²
606 2643 672 2666 Psal.
688 2649 744 2673 xxt,
760 2645 799 2667 23.
812 2656 842 2660 —
855 2644 862 2656 ³
875 2645 994 2674 J‹1‹·.‚1ti,
1008 2646 1030 2668 2.

253 2691 283 2696 —
298 2679 307 2696 ⁸
320 2680 397 2707 Rom,
416 2685 453 2707 itt,
469 2679 506 2702 23.
524 2691 552 2696 -
569 2680 578 2693 ⁶
595 2678 693 2707 Jmlteh,
719 2685 774 2709 ιἰιι,
800 2680 838 2703 27.
856 2692 884 2696 —
902 2683 909 2693 ⁰
926 2680 1033 2711 Philip„

255 2721 276 2746 1,
299 2717 336 2739 29.
361 2728 390 2733 -—
414 2714 421 2730 ἲ
445 2715 530 2746 Apoc„
554 2720 599 2744 ιιι,
626 2716 662 2739 19.
688 2728 718 2732 —
742 2716 750 2728 ³
775 2715 840 2743 Ἰνώ,
865 2720 914 2745 xit,
941 2718 975 2740 153,
1001 2729 1032 2733 -

1066 299 1154 328 siones
1171 299 1253 335 hujus
1268 299 1398 335 temporis
1407 307 1417 332 ς
1437 296 1490 326 sed
1507 296 1566 326 hoc
1581 297 1625 326 est
1639 305 1677 327 ex
1691 298 1743 328 nei
1761 299 1850 330 boni*-

1067 348 1135 383 tate,
1149 348 1202 385 qui
1216 347 1268 376 dat
1281 345 1370 376 nobis
1383 345 1530 383 patienter
1546 346 1575 373 et
1589 345 1762 376 charitative
1778 355 1852 386 por·-

1066 396 1140 430 tare,
1153 397 1185 424 ut
1198 394 1292 432 possit
1301 394 1333 422 in
1346 393 1436 422 nobis
1450 400 1504 421 sua
1519 392 1603 421 dona
1614 401 1815 424 remunerare.
1827 396 1852 425 0

1067 441 1186 471 bonitas
1200 449 1329 476 summa,
1338 441 1433 478 pietas
1446 439 1592 475 inaudita,
1607 448 1675 477 quoe
1685 441 1776 470 nobis
1789 441 1852 479 dat,

1069 490 1153 526 quod
1167 489 1232 526 ipsa
1246 489 1432 518 remunerat!

1105 536 1257 571 Secundo,
1270 543 1334 564 non
1347 536 1417 563 sunt
1437 534 1606 571 condignoe,
1627 535 1701 572 quia
1720 536 1855 572 gratuitae

1070 592 1107 612 ex
1127 585 1211 620 parte
1230 583 1289 612 Dei.
1305 584 1379 611 Nam
1393 581 1477 619 quod
1490 589 1586 618 poenoe
1600 582 1664 617 ,sint
1684 583 1854 620 meritoriae,

1067 632 1132 668 jam
1149 630 1261 659 dictum
1275 631 1331 665 est;
1347 629 1401 658 sed
1419 629 1503 666 quod
1517 629 1575 657 sint
1597 629 1722 666 proemio
1743 629 1853 666 dignm,

1070 679 1129 707 hoc
1148 678 1247 707 solum
1269 677 1411 706 bonitatis
1429 684 1564 705 summae.
1590 676 1672 705 Unde
1696 676 1805 706 dicitur
1817 678 1829 695 ⁸
1845 687 1853 706 :

1075 736 1088 752 «
1100 725 1190 754 Nobis
1207 725 1312 754 datum
1334 726 1377 752 est
1390 732 1444 761 per
1463 723 1618 759 Christum,
1633 731 1695 752 non
1709 723 1809 752 solum
1823 726 1856 753 ut

1071 773 1103 801 in
1122 781 1191 801 eum
1206 772 1380 807 credamus,
1395 770 1448 800 sed
1462 773 1494 799 ut
1513 778 1568 808 pro
1583 771 1650 807 ipso
1664 770 1822 807 patiamur.
1838 781 1853 799 n

1072 820 1142 855 Quis
1155 820 1216 857 pati
1235 821 1346 856 posset,
1369 819 1425 846 nisi
1449 826 1467 846 a
1491 819 1550 846 Deo
1573 817 1689 846 donum
1711 818 1858 855 acciperet

1072 867 1231 904 patiendi?
1249 868 1311 903 ipse
1327 866 1408 894 enim
1421 865 1483 902 pati
1497 865 1600 900 donat,
1612 865 1675 902 ipse
1687 865 1726 894 ad
1741 866 1856 902 patien-

1075 914 1148 943 dum
1164 914 1297 950 adjuvat,
1312 913 1376 950 ipse
1388 914 1521 941 coronat.
1537 912 1657 940 Nullum
1672 913 1752 941 enim
1765 914 1856 948 amat,

1075 970 1167 999 quem
1185 968 1247 990 non
1262 960 1393 996 corripit.
1407 959 1489 988 Unde
1505 959 1613 988 dicitur
1626 959 1636 976 ⁷
1652 968 1659 987 :
1679 970 1693 986 ιι
1707 961 1767 996 Ego
1781 968 1858 997 quos

1075 1017 1156 1044 amo,
1170 1015 1265 1044 arguo
1281 1009 1309 1036 et
1321 1007 1442 1043 castigo.
1459 1017 1472 1034 ι)
1493 1006 1601 1035 Tobias
1621 1006 1693 1035 dicit
1705 1007 1736 1035 ⁸:
1755 1017 1769 1033 ιι
1785 1007 1859 1042 Quia

1076 1058 1215 1092 acceptus
1229 1063 1294 1084 eras
1310 1056 1380 1090 Deo,
1395 1062 1515 1082 necesse
1530 1054 1584 1082 fuit
1601 1055 1634 1082 ut
1653 1054 1773 1082 tentatio
1787 1061 1858 1091 pro-

1076 1104 1161 1132 baret
1177 1105 1215 1131 te.
1231 1113 1245 1129 »
1262 1102 1413 1139 Numquid
1438 1109 1500 1130 non
1517 1101 1649 1139 probant
1667 1109 1838 1137 campsores
1849 1102 1860 1119 ⁹

1077 1158 1194 1185 aurum,
1211 1151 1262 1178 aut
1277 1151 1444 1184 argentum,
1460 1150 1511 1177 aut
1525 1148 1740 1185 quodcumque
1755 1148 1859 1177 metal-

1076 1197 1163 1225 lum?
1178 1196 1329 1232 Numquid
1347 1204 1407 1224 non
1422 1204 1494 1224 vasa
1509 1196 1592 1231 figuli
1608 1195 1716 1232 prohat
1730 1194 1835 1224 fornax
1845 1197 1860 1224 ἳ

1077 1244 1227 1280 Numquid
1242 1251 1302 1272 non
1324 1251 1374 1271 rex
1398 1243 1506 1279 probat
1526 1251 1596 1271 suos
1620 1242 1736 1276 milites,
1758 1244 1859 1271 utrum

1077 1292 1134 1319 sint
1151 1291 1211 1319 veri
1228 1293 1256 1319 et
1281 1291 1404 1319 fideles?
1428 1290 1505 1318 Sicut
1525 1298 1597 1325 ergo
1622 1289 1727 1318 fornax
1751 1290 1860 1326 probat

1078 1347 1195 1373 aurum,
1211 1338 1283 1366 lima
1297 1338 1419 1371 serrum,
1441 1337 1551 1365 tribula
1569 1337 1764 1370 frumentum,
1779 1345 1860 1365 cam-

1078 1394 1149 1423 psor
1165 1385 1334 1420 denarium,
1350 1385 1391 1412 sic
1408 1386 1481 1412 Deus
1494 1384 1599 1420 probat
1619 1384 1862 1413 tribulationibus

1076 1434 1188 1468 justum
1212 1433 1320 1460 virum.
1352 1431 1528 1468 Exemplum
1552 1431 1582 1459 in
1609 1431 1664 1459 soh
1677 1452 1686 1466 ,
1715 1431 1767 1468 qui
1796 1432 1863 1460 licet

1076 1481 1171 1516 justus
1191 1482 1281 1514 esset,
1306 1479 1405 1507 multis
1426 1481 1526 1506 tamen
1548 1478 1662 1506 attritus
1685 1480 1729 1506 est
1754 1479 1861 1515 poenis.

1081 1527 1161 1555 L‘nde
1177 1527 1283 1555 dieitur
1297 1527 1318 1543 ¹¹¹
1335 1535 1361 1554 z«
1378 1525 1518 1561 Flagellat
1533 1526 1608 1552 Deus
1624 1532 1745 1553 omnem
1756 1525 1864 1561 fllium,

1081 1583 1171 1610 quem
1190 1574 1301 1610 recipit.
1318 1584 1330 1599 n
1351 1576 1381 1601 tit
1397 1573 1466 1600 ideo
1484 1572 1641 1608 Apostolus
1661 1572 1774 1600 ibidem
1796 1581 1865 1601 con-

1081 1622 1172 1649 cludit
1195 1621 1213 1638 ¹¹
1239 1631 1245 1648 :
1276 1632 1288 1646 ιι
1311 1621 1338 1648 Si
1366 1622 1447 1648 extra
1477 1619 1666 1655 disciplinam
1693 1620 1774 1654 estis,
1803 1628 1864 1648 non

1081 1669 1148 1696 estis
1168 1668 1232 1702 tilii,
1247 1667 1300 1695 sed
1319 1667 1456 1695 adulteri.
1479 1678 1491 1692 »
1513 1666 1589 1700 Quid
1605 1674 1658 1702 per
1680 1666 1798 1695 diversa
1812 1675 1865 1696 va-

1081 1724 1198 1752 gamur,
1217 1718 1244 1743 et
1268 1714 1443 1742 diverticula
1468 1714 1570 1742 salutis
1593 1714 1795 1750 exquirimus?
1811 1717 1866 1743 Aut

1082 1764 1161 1791 enim
1176 1763 1317 1799 patimur,
1337 1765 1363 1790 et
1387 1762 1438 1789 filii
1459 1769 1579 1795 sutnus;
1596 1763 1646 1789 aut
1667 1761 1690 1788 si
1715 1769 1775 1789 non
1790 1762 1866 1798 pati-

1083 1819 1161 1844 mur,
1176 1818 1244 1837 cum
1269 1809 1412 1837 adulteris
1435 1808 1655 1844 deputabimur.
1673 1809 1692 1826 ¹²
1711 1820 1722 1833 ιι
1738 1810 1864 1844 Omnes,

1083 1858 1134 1894 qui
1152 1857 1255 1885 volunt
1268 1857 1314 1892 pie
1332 1856 1431 1884 vivere
1443 1856 1471 1883 in
1487 1856 1612 1890 Christo,
1629 1856 1866 1891 persecutionem

1083 1904 1269 1941 patiuntur.»
1283 1904 1304 1921 ¹³
1317 1905 1443 1931 «Nonne
1455 1902 1585 1938 oportuit
1595 1903 1655 1938 pati
1667 1902 1824 1937 Christum,
1840 1905 1868 1931 et

1084 1952 1123 1979 ita
1138 1952 1244 1979 intrare
1265 1951 1292 1978 in
1317 1950 1444 1986 gloriam
1466 1950 1570 1977 suam?
1595 1961 1607 1974 u
1627 1951 1702 1985 Ergo
1724 1951 1801 1986 Rege
1815 1958 1868 1986 pa·

1084 1999 1187 2033 tiente,
1213 1998 1298 2026 miles
1318 1998 1442 2034 quiescit
1463 1997 1517 2025 sub
1545 1998 1673 2025 arbore?
1693 2005 1764 2033 ergo
1788 1999 1866 2033 Rege

1085 2055 1134 2082 per
1152 2055 1235 2073 suam
1253 2045 1422 2081 passionem
1439 2045 1563 2072 intrante
1579 2044 1608 2071 in
1626 2052 1711 2072 suam
1726 2044 1866 2080 gloriam,

1085 2093 1167 2120 miles
1191 2093 1304 2128 absque
1333 2100 1421 2128 ptrna
1446 2091 1567 2119 intrabit
1591 2091 1621 2119 in
1646 2091 1774 2127 gloriam
1797 2091 1867 2120 alie-

1086 2141 1175 2168 nam?
1185 2139 1344 2173 Quomodo
1361 2146 1504 2167 coronam
1517 2138 1651 2171 habebit,
1667 2138 1718 2174 qui
1731 2146 1867 2174 pugnare

1086 2187 1265 2223 contempsit
1274 2190 1285 2212 ’ἲ
1298 2185 1456 2220 Quomodo
1473 2185 1600 2213 bellator
1611 2185 1765 2221 prtemium
1774 2186 1867 2222 impe-

1086 2235 1183 2269 trabit,
1202 2236 1229 2262 et
1247 2234 1308 2269 regi
1329 2242 1359 2261 se
1380 2232 1579 2269 praesentabit,
1595 2232 1646 2268 qui
1661 2232 1691 2260 in
1706 2233 1786 2261 bello
1807 2241 1867 2261 non

1086 2283 1148 2318 suit,
1166 2291 1219 2310 nec
1235 2282 1297 2317 regi
1312 2280 1467 2317 pugnanti,
1485 2284 1511 2308 et
1528 2279 1684 2308 vulnerato
1700 2280 1797 2315 astitit,
1813 2288 1867 2308 nec

1087 2339 1154 2357 eum
1171 2329 1316 2363 defendit>
1333 2328 1385 2355 sed
1401 2327 1475 2355 inter
1494 2336 1599 2355 manus
1623 2327 1660 2363 (a)
1676 2336 1744 2355 eum
1766 2328 1868 2356 vulne-

1086 2380 1182 2405 ratum
1198 2375 1372 2411 dereliquit,
1396 2378 1423 2402 et
1440 2375 1537 2409 sugit?
1560 2375 1736 2411 Exemplum
1761 2375 1797 2403 de
1821 2377 1867 2403 Ja-

1087 2425 1163 2452 cobo
1183 2426 1210 2451 ct
1230 2425 1342 2451 Joanne
1367 2422 1569 2458 quwrentibus
1593 2429 1734 2457 regnum,
1757 2422 1868 2458 quibus

1087 2472 1148 2508 ipse
1165 2471 1205 2499 ait
1222 2470 1238 2485 '⁵
1257 2480 1262 2497 :
1281 2481 1293 2495 «
1307 2470 1425 2497 Potestis
1442 2469 1543 2497 bibere
1562 2468 1694 2502 calicem,
1711 2476 1801 2504 quem
1812 2477 1867 2505 ego

1086 2519 1233 2547 bibiturus
1245 2526 1311 2545 sum
1319 2519 1331 2543 ζ’
1348 2528 1360 2542 ιι
1374 2517 1477 2545 Clossa
1492 2516 1603 2544 ibidem
1617 2516 1688 2543 dicit
1705 2525 1711 2543 :
1728 2527 1741 2542 ιι
1752 2516 1868 2545 Sciebat

1086 2598 1096 2612 ‘³
1111 2597 1234 2627 Campsor
1250 2596 1287 2618 ost
1303 2595 1344 2625 qui
1367 2592 1537 2624 camp-<orium
1553 2594 1633 2616 artem
1650 2592 1702 2616 sive
1716 2593 1746 2616 de
1763 2594 1867 2617 cambiis

1087 2635 1198 2657 exercet.
1209 2645 1237 2649 —
1255 2633 1271 2645 ¹⁰
1286 2631 1370 2659 Helua,
1386 2636 1433 2660 xu,
1447 2631 1470 2654 6.
1483 2643 1508 2646 -
1528 2630 1543 2645 ¹¹
1561 2629 1635 2659 thid.5
1648 2630 1671 2653 8.
1682 2642 1711 2646 —
1725 2630 1743 2645 ¹²
1758 2630 1776 2653 tt
1794 2630 1865 2659 Tun„

1088 2675 1133 2698 ιιι,
1152 2667 1350 2693 ¹2.-¹¹1.111:.,
1368 2666 1534 2695 xxtv,2t3.--
1553 2664 1570 2680 '⁵
1587 2664 1688 2694 niuem,
1705 2672 1746 2694 xx,
1764 2667 1804 2689 22.

1119 2714 1153 2743 (a)
1171 2712 1256 2744 Suppl.
1274 2712 1396 2735 hostium.
