2029 3052
592 209 630 241 lN
654 207 844 241 RFIGULAM
867 207 1056 241 FRATRUM
1080 208 1276 242 MINORUM.

127 278 299 320 frangatur
323 277 503 311 auctoritas.
521 287 536 308 12
563 277 652 310 Unde
675 277 730 318 qui
760 277 841 308 dixit
867 278 874 294 ¹
895 287 901 308 ς

132 332 222 371 «Qui
238 333 341 374 major
355 335 401 364 est
413 334 570 371 vestrum,
585 342 599 361 n
619 333 698 370 ete.,
721 339 786 361 non
801 330 881 361 dixit
897 338 905 361 ε

127 385 186 424 Qui
203 386 309 418 minor
323 388 380 426 est,
396 387 453 418 fiat
469 386 549 418 sicut
564 386 678 426 maj0r.
695 383 776 416 Nam
793 384 836 415 ita
851 384 904 415 de-

126 439 180 472 bet
204 449 284 480 esse,
305 440 390 481 quod
414 440 549 471 Ministri
569 439 633 470 sint
656 439 739 471 servi
758 437 905 470 omnium

125 493 263 525 fratrum
279 504 285 525 :
300 493 382 525 servi
395 493 525 534 quidem
535 493 568 524 in
579 492 628 524 his
642 493 813 534 praecipue,
831 500 905 532 quoe

125 547 166 579 ad
189 547 323 579 salutem
345 547 507 588 pertinent
528 546 721 578 animarum.
743 545 831 578 Unde
845 546 905 577 Do-

126 601 235 633 minus
249 602 277 633 2:
300 613 315 631 «
328 601 399 642 Ego
412 602 446 633 in
462 602 568 634 medio
582 603 727 634 vestrum
741 610 813 633 sum
834 602 903 632 tau-

125 664 224 696 quam
239 655 295 696 qui
309 655 478 687 ministrat.
495 666 510 684 »

166 709 319 750 Sequitur
335 718 393 750 pro
407 709 520 750 quinta
544 710 644 749 parte,
660 708 693 739 in
716 717 781 749 qua
801 709 907 749 tangit

125 765 197 796 octo
212 759 332 804 gene'ra
340 765 556 804 peccatorum,
568 762 674 794 dicens
687 763 819 795 :Moneo
834 770 906 796 vero

123 820 154 851 et
169 817 320 850 eoehortor
333 817 370 849 in
384 817 522 849 Domino
537 816 611 848 Jesu
628 816 773 855 Christo,
798 821 833 848 ut
847 825 905 850 ca-

122 874 218 904 veant
228 871 346 910 tratres
361 870 400 903 ab
410 871 499 903 emm·
512 870 674 910 superbia,
686 870 773 910 quia,
786 872 822 901 ut
832 871 907 902 dicit

123 926 328 966 Augustinus
342 934 438 966 super
451 925 530 956 illud
543 924 659 956 Psalmi
672 926 683 943 ⁸
702 935 709 955 t
723 925 764 956 In
771 925 824 957 ira
836 932 906 957 con·

123 981 349 1013 summationis
374 982 384 999 ¹·
413 989 420 1010 :
441 979 539 1010 «Alia
564 979 640 1010 vitia
670 979 702 1009 in
733 979 906 1010 malefactis

123 1034 265 1066 timenda
290 1036 376 1073 sunt,
402 1033 551 1074 superbia
576 1033 610 1064 in
639 1033 809 1064 benefactis
834 1033 905 1073 plus

124 1088 296 1120 metuenda
310 1090 367 1120 est.
383 1099 398 1117 n
419 1088 466 1119 Ab
480 1087 579 1126 omni,
597 1087 741 1128 inquam,
753 1086 904 1127 superbia

1682 219 1741 250 595

961 276 1161 317 damnabilis,
1178 287 1252 309 cum
1267 278 1301 310 in
1315 287 1492 319 gravamen
1507 281 1645 315 aliorum
1659 294 1740 326 pau-

961 339 1088 371 perum,
1113 331 1325 374 eleemosynae
1348 333 1381 366 in
1405 335 1522 368 talibus
1540 346 1742 378 supervacue

961 388 1207 417 consumuntur.
1226 387 1436 430 manatione,
1454 399 1527 431 quae
1543 392 1647 425 oritur
1661 404 1743 434 prae-

961 437 1054 478 cipue
1069 448 1108 470 ex
1120 439 1240 472 invidia
1261 444 1291 473 et
1305 443 1379 475 odio
1394 455 1400 475 :
1418 445 1615 478 excludendo
1632 447 1741 481 detra—

961 492 1109 531 ctionem,
1133 494 1242 525 odium
1262 495 1357 527 etiam
1373 499 1404 529 et
1420 498 1500 530 iram
1526 501 1678 534 excludit.
1702 503 1744 535 Et

961 548 1230 586 murmuratione,
1253 559 1327 590 quae
1342 560 1383 582 ex
1397 551 1596 593 impatientia
1610 557 1641 587 et
1651 556 1740 597 judi-

961 599 1085 631 ciorum
1101 602 1279 634 temeritate
1295 605 1448 645 procedit;
1467 608 1576 640 omnia
1589 609 1667 641 vitia
1680 611 1743 652 spi-

961 653 1098 694 ritualia,
1117 665 1192 696 quae
1206 657 1377 698 religiosos
1391 660 1521 701 fragiles
1534 663 1680 695 comitari
1691 674 1742 697 so-

960 707 1037 747 lent,
1056 709 1126 741 haec
1141 711 1294 750 excludit,
1311 716 1444 755 excepta
1456 716 1574 757 acedia,
1592 727 1690 759 quam
1707 719 1743 751 iu

961 771 1020 794 suo
1036 767 1268 805 consequenter
1281 768 1425 808 opposito
1440 769 1612 804 dissuadet.
1630 772 1744 805 Curio-

961 817 1086 849 sitatem
1102 819 1199 851 etiam
1214 820 1371 854 laicorum
1392 823 1530 863 cohibet,
1553 825 1660 858 dicens
1677 839 1684 860 :
1701 828 1743 861 Ec

960 879 1025 904 non
1040 877 1152 907 curem
1174 876 1346 909 nescientes
1371 877 1506 918 litteras,
1525 879 1556 911 id
1574 883 1632 920 est,
1657 881 1741 922 laici,

960 925 1080 958 litteras
1102 928 1233 961 discere.
1260 929 1296 961 In
1314 940 1379 972 quo
1403 933 1503 965 verbo
1527 934 1743 969 curiositatem

961 980 1105 1019 coliibet3
1133 991 1198 1013 non
1226 985 1336 1015 tamen
1360 985 1503 1026 inhibet,
1527 988 1606 1028 quin
1622 989 1682 1030 ipsi
1697 993 1742 1022 te-

960 1035 1099 1065 neantur
1116 1034 1237 1068 litteras
1261 1037 1392 1077 discere,
1409 1040 1435 1070 si
1450 1041 1547 1073 fuerit
1568 1043 1613 1074 eis
1636 1043 1743 1085 impe-

960 1089 1078 1119 ratum.

122 1143 238 1182 cordis,
261 1142 528 1181 conversationis,
552 1142 708 1173 sermonis
728 1143 758 1172 et
779 1141 903 1182 operis3

122 1203 209 1228 υαηα
223 1195 340 1236 ⁸qlorz'a,
352 1205 425 1237 quae
437 1196 540 1227 oritur
553 1204 595 1227 cx
606 1195 772 1236 superbia:
786 1195 847 1226 hoc
857 1196 905 1226 est

121 1249 275 1282 fratribus
305 1250 534 1282 necessarium.
572 1248 660 1280 Unde
688 1248 905 1288 Hieronymus

121 1311 217 1344 super
243 1304 430 1337 Matthoeum
444 1304 475 1334 ⁶.-
497 1303 691 1343 «Eleganter
716 1303 747 1333 in
764 1303 904 1343 quodam

1001 1141 1063 1172 Sed
1080 1151 1155 1174 cuin
1171 1144 1233 1176 ista
1248 1146 1311 1177 sint
1334 1148 1491 1188 mortalia,
1513 1152 1591 1190 puta
1614 1151 1647 1182 in
1668 1151 1742 1193 lege
1756 1161 1864 1190 0bj00tio.

960 1195 1015 1227 Dei
1025 1197 1195 1237 prohibita,
1208 1209 1308 1240 quare
1319 1201 1373 1232 hic
1388 1211 1425 1234 ea
1436 1204 1605 1237 monitorie
1621 1206 1739 1238 exhor-

959 1251 1093 1282 tantur?
1116 1252 1163 1283 Ad
1180 1254 1267 1293 quod
1282 1255 1464 1296 dicendum,
1485 1259 1571 1299 quod
1594 1260 1627 1291 in
1651 1261 1740 1292 omni
1766 1272 1865 1299 Respon-

960 1313 1080 1344 genere
1103 1307 1288 1346 capitalium
1318 1313 1521 1350 peecatorum
1550 1313 1670 1355 aliquid
1695 1317 1742 1347 est
1756 1303 1796 1324 Μ’

120 1357 286 1390 volumine
302 1359 457 1399 scriptum
469 1358 629 1398 legimus:
641 1357 685 1389 Ne
699 1364 826 1397 quoeras
837 1356 904 1397 qlo—

119 1412 218 1451 riam,
234 1415 265 1445 et
279 1420 344 1445 non
363 1412 482 1445 dolebis
497 1420 569 1443 cum
583 1411 743 1452 zozqcorius
760 1411 873 1450 fueris.
885 1421 899 1439 »

120 1465 265 1504 Invidia,
283 1474 356 1506 quae
364 1465 569 1497 infallibiliter
581 1465 767 1506 superbiam
776 1465 904 1496 comita-

120 1521 185 1552 tur.
202 1519 291 1551 Unde
306 1520 509 1559 Augustinus
519 1522 540 1559 t,
554 1529 651 1560 super
667 1519 745 1551 illud
761 1519 879 1551 Psalmi
893 1531 899 1550 :

125 1585 140 1603 a
164 1573 331 1615 Superbiae
355 1576 402 1605 est
417 1583 523 1606 comes
547 1574 694 1606 invidia:
722 1574 791 1605 fieri
815 1574 901 1604 enini

121 1637 187 1659 non
216 1629 338 1668 potest,
366 1630 401 1659 ut
431 1628 589 1668 superbus
617 1637 683 1659 non
711 1627 898 1660 invideat.»

122 1683 287 1722 Avaritia,
305 1691 380 1723 quae
398 1682 539 1713 consistit
560 1682 592 1712 in
608 1682 778 1722 cupiditate
793 1691 902 1713 rerum

122 1738 327 1768 terrenarum
351 1745 415 1767 non
435 1736 636 1774 liabitarum3
662 1735 739 1767 item
760 1735 901 1766 consistit

120 1792 156 1822 in
183 1791 353 1822 tenacitate
379 1799 488 1821 rerum
513 1790 717 1821 obtentarum
743 1798 902 1830 quarum-

119 1854 257 1885 cumque
274 1845 307 1875 in
322 1854 418 1875 usum
437 1844 636 1876 venientium
660 1855 666 1874 :
694 1852 752 1884 pro
771 1853 835 1883 qua
851 1844 900 1874 ul-

119 1899 218 1931 terius
242 1898 439 1930 excludenda
453 1898 560 1929 subdit
575 1908 581 1928 :
601 1898 685 1929 Cura
699 1900 729 1930 ec
739 1897 899 1930 sollicitu-

120 1953 197 1986 dine
212 1953 310 1992 hujus
333 1952 455 1990 saeculz',
476 1961 549 1992 quae
571 1960 611 1982 ex
634 1951 769 1983 avaritia
783 1961 898 1992 prove-

119 2007 225 2039 niunt.
251 2007 339 2038 Unde
369 2007 515 2039 Salvator
540 2009 550 2025 ⁶
574 2016 580 2036 :
614 2005 747 2037 «Nolite
774 2005 899 2037 solliciti

119 2070 226 2094 esse.»
250 2061 384 2093 Dicendo
401 2069 409 2091 :
425 2062 489 2093 Aut
501 2059 719 2093 sollicitudine
733 2060 830 2100 hujus
845 2068 900 2093 sae-

119 2116 195 2154 culi,
214 2115 459 2147 sollicitudinem
484 2115 672 2146 saecularem
691 2115 835 2155 perimit,
862 2118 899 2146 ut

119 2170 319 2211 spiritualem
353 2170 599 2202 sollicitudinem
637 2179 702 2201 non
731 2170 896 2207 excludat,

119 2233 193 2264 quae
214 2224 249 2254 in
272 2224 472 2264 procuranda
497 2224 680 2255 animarum
695 2223 798 2254 salute
814 2232 896 2264 prae-

119 2277 211 2318 cipue
226 2279 405 2309 exercetur.
422 2277 599 2309 Inhibendo
623 2277 720 2308 etiam
744 2277 896 2308 sollieitu-

118 2332 226 2363 dinem
250 2332 349 2372 hujus
370 2331 499 2369 saeculi,
525 2331 744 2362 curiositatem
760 2331 897 2370 ,illorum

118 2386 266 2427 percutit,
283 2385 339 2426 qui
353 2385 561 2416 immoderate
576 2385 704 2416 student
720 2385 754 2415 in
769 2386 897 2425 sapien-

118 2440 162 2471 tia
176 2440 334 2471 saeculari.
356 2439 390 2470 [n
406 2439 532 2480 culpam
552 2439 706 2478 avaritiae,
724 2441 755 2470 et
778 2439 896 2471 solliei-

119 2493 238 2525 tudinis
259 2493 467 2533 nimietatem,
484 2493 629 2525 incidunt
649 2503 762 2525 omnes
781 2503 897 2535 super-

118 2548 256 2580 fluitates
273 2548 442 2588 librorum,
464 2550 520 2580 aut
546 2549 696 2587 vestium,
718 2550 775 2580 aut
792 2549 897 2580 aedifi-

118 2603 253 2643 ciorum,
270 2606 327 2635 aut
339 2603 505 2636 similium.
519 2604 596 2642 Quae
609 2604 745 2636 avaritia
759 2606 836 2636 tunc
850 2607 897 2636 est

152 2685 158 2698 ¹
173 2684 243 2710 Luc..
259 2690 324 2716 xx11,
340 2686 378 2710 26.
395 2699 426 2703 -
441 2686 449 2699 ²
464 2685 537 2716 ibid„
551 2687 589 2710 27.
606 2699 636 2703 -
652 2686 660 2700 ³
678 2686 746 2710 Psal.
767 2691 839 2716 LV111‚
858 2688 895 2710 14.

118 2733 147 2738 -
161 2719 172 2736 ⁴
185 2721 262 2751 Aug„
279 2721 306 2744 in
320 2720 388 2745 Psal.
403 2727 477 2752 min,
493 2728 566 2746 conc.
583 2727 611 2752 11,
627 2729 653 2746 n.
670 2723 692 2746 5.
711 2735 737 2740 —
753 2722 763 2739 ¹⁵
779 2721 896 2750 Hie1·ou.‚

960 1359 1104 1397 mortale,
1121 1363 1151 1391 et
1173 1361 1292 1402 aliquid
1314 1366 1360 1395 est
1377 1365 1512 1397 veniale.
1540 1366 1671 1400 Mortale
1695 1372 1742 1401 est

959 1422 1054 1444 omne
1079 1417 1244 1454 peccatum
1268 1427 1333 1457 quo
1358 1419 1479 1460 aliquid
1502 1423 1663 1462 appetitur
1686 1434 1742 1456 su-

958 1476 1016 1507 pra
1033 1467 1142 1499 Deum.
1171 1469 1237 1501 IIoc
1253 1473 1361 1503 autem
1383 1483 1481 1514 supra
1502 1475 1601 1507 Deum
1617 1479 1740 1518 appeti-

958 1522 1021 1560 tur,
1036 1523 1165 1562 quando
1175 1523 1301 1565 aliquis,
1319 1535 1377 1566 pro
1390 1537 1424 1558 re
1441 1530 1608 1569 temporali
1622 1532 1742 1564 deside-

957 1577 1026 1606 rata
1036 1576 1219 1617 obtinenda,
1234 1579 1329 1610 vellet
1341 1580 1468 1622 aliquod
1483 1587 1644 1623 peccatum
1658 1596 1741 1619 mor-

957 1629 1019 1660 tale
1035 1632 1244 1672 committere,
1265 1635 1358 1674 quasi
1374 1636 1470 1667 etiam
1492 1647 1557 1669 nou
1572 1640 1672 1679 possit
1686 1641 1741 1672 ali-

958 1686 1004 1715 ter
1029 1685 1173 1717 obtinere
1187 1711 1194 1725 ,
1218 1687 1268 1718 vel
1293 1697 1352 1728 pro
1374 1698 1409 1721 re
1426 1691 1496 1731 jam
1521 1693 1651 1725 obtenta
1674 1704 1740 1727 non

957 1738 1146 1779 amittenda,
1179 1741 1267 1781 prius
1294 1742 1389 1774 vellet
1414 1748 1580 1785 peccatum
1605 1750 1740 1781 mortale

957 1793 1166 1833 committere,
1195 1805 1293 1835 quam
1318 1797 1386 1837 ipsa
1401 1808 1517 1831 carere.
1535 1801 1610 1833 Haee
1630 1805 1740 1835 autem

956 1845 1046 1877 docet
1067 1847 1100 1878 S.
1128 1848 1332 1888 Augustinus
1346 1852 1356 1868 ⁷
1375 1863 1381 1883 z
1403 1864 1418 1882 «
1437 1853 1504 1885 Hoc
1521 1858 1568 1886 est
1584 1857 1671 1888 enim
1685 1858 1739 1890 ha-

956 1899 1030 1931 bere
1054 1900 1215 1933 Christum
1230 1904 1263 1934 in
1276 1905 1496 1948 fundamento,
1520 1909 1601 1941 nihil
1615 1911 1738 1944 Christo

955 1963 1153 1995 praeponere,
1171 1957 1225 1988 sed
1242 1958 1276 1988 in
1295 1961 1446 1992 omnibus
1463 1964 1533 2003 ejus
1549 1974 1737 2006 praeponere

956 2010 1197 2049 praeceptoriam
1208 2012 1418 2047 voluntatem.
1429 2027 1444 2045 >³
1460 2016 1630 2059 Quiigitur
1637 2021 1737 2053 excel-

955 2061 1085 2094 lentiam
1098 2063 1150 2095 vel
1160 2074 1279 2097 vanam
1295 2067 1433 2106 gloriam
1448 2070 1628 2105 inordinate
1642 2084 1736 2116 appe-

955 2116 1003 2155 tit,
1018 2117 1060 2148 ita
1075 2120 1182 2150 tamen
1195 2121 1280 2160 quod
1301 2121 1402 2154 Deum
1415 2124 1474 2156 sibi
1495 2126 1529 2157 in
1541 2128 1636 2159 corde
1649 2138 1733 2170 prae-

953 2171 1052 2211 ponit,
1076 2181 1134 2203 nec
1156 2173 1277 2214 aliquid
1294 2178 1405 2209 contra
1424 2178 1526 2211 Deum
1547 2181 1662 2214 faceret
1676 2193 1734 2223 pro

954 2226 1058 2266 gloria
1078 2230 1277 2269 assequenda
1290 2255 1300 2269 ,
1324 2233 1482 2273 superbus
1501 2238 1561 2275 est,
1587 2237 1642 2268 sed
1669 2248 1734 2270 non

953 2280 1173 2313 criminaliter.
1192 2282 1230 2314 Et
1242 2287 1371 2325 propter
1384 2286 1478 2318 istam
1494 2289 1732 2324 distinctionem

953 2334 1166 2367 admonemur
1177 2345 1274 2369 omne
1284 2339 1380 2370 etiam
1390 2341 1522 2381 signum
1533 2345 1690 2384 superbiae
1699 2346 1733 2378 in

953 2391 1059 2429 gestu,
1077 2390 1190 2422 habitu
1209 2394 1240 2423 et
1263 2402 1421 2434 sermone,
1438 2398 1469 2427 et
1482 2397 1526 2427 ita
1540 2397 1578 2428 de
1593 2399 1663 2430 aliis
1678 2400 1733 2431 in—

953 2442 1062 2482 tellige
1073 2449 1316 2485 consequenter.
1338 2448 1397 2486 Qui
1412 2458 1492 2489 ergo
1509 2451 1664 2484 sollicitus
1686 2456 1734 2485 est

953 2496 991 2528 de
1003 2498 1119 2529 saeculo
1139 2501 1250 2531 eontra
1269 2502 1391 2541 regulae
1406 2503 1615 2545 honestatem,
1633 2507 1685 2539 vel
1700 2508 1733 2539 in

953 2552 1089 2591 tantum,
1114 2553 1217 2584 utilia
1241 2555 1365 2586 amittat
1383 2557 1422 2587 ad
1445 2567 1518 2598 quae
1537 2561 1663 2601 exlege
1682 2563 1733 2594 vel

953 2607 1028 2637 voto
1042 2606 1167 2646 regulae
1181 2610 1321 2647 tenetur,
1337 2613 1445 2650 peccat
1460 2614 1649 2647 mortaliter.

954 2687 979 2710 z'n
995 2687 1096 2716 Mattli„
1113 2694 1135 2712 ν.
1151 2702 1182 2706 -
1197 2690 1205 2702 ⁴²
1219 2690 1318 2719 Martii„
1336 2697 1360 2715 Vl
1371 2709 1376 2717 .
1393 2694 1431 2716 34.
1447 2706 1476 2711 ·-
1495 2695 1505 2711 7
1517 2696 1592 2728 Aug„
1610 2697 1640 2721 de
1653 2698 1730 2724 Civz't,

956 2722 1015 2754 Dei,
1029 2723 1072 2748 lib¹
1089 2725 1154 2756 xxi,
1170 2732 1192 2749 c.
1210 2731 1280 2756 xxw,
1297 2733 1325 2752 n.
1342 2729 1363 2750 2.
