2029 3052
715 224 765 256 DE
787 223 840 256 SS.
866 223 1049 256 ANGELlS.
1072 223 1204 256 SERMO
1227 223 1278 256 IV.

189 292 338 329 Scriptura
360 293 458 330 ipsum
481 292 597 322 venisse
626 292 801 328 denuntiat3
834 293 863 320 et
885 291 968 320 solus

189 340 293 375 homo,
308 341 429 377 propter
443 347 534 377 quem
547 341 678 373 venerat,
694 347 756 368 non
775 339 888 371 laudat,
905 346 968 367 non

189 387 339 424 praedicat,
363 387 416 415 sed
439 386 626 423 persequitur
652 386 832 415 venientem.
863 388 969 414 Exem-

188 435 273 471 plum
288 434 325 462 de
340 434 454 463 l-lerode
471 442 539 462 cum
560 433 746 470 principibus
768 434 967 469 sacerdotum,

189 481 240 518 qui
269 489 338 510 eum
364 481 537 518 quaerebant
563 481 602 509 ad
631 483 768 509 mortem.
795 481 877 509 Unde
904 481 968 517 ipse

189 528 380 565 conqueritur
393 536 446 565 per
460 528 565 556 lsaiam
581 529 590 545 ¹
607 538 615 555 ε
636 537 649 554 ι(
664 529 809 564 Cognovit
830 528 886 557 bos
901 536 970 565 pos-

189 583 335 603 sessorem
353 583 452 609 suum,
469 577 497 603 et
511 575 610 604 asinus
625 583 756 612 praesepe
773 575 888 604 domini
903 575 968 610 sui;

189 622 278 650 Israel
293 625 391 650 autem
406 630 467 650 non
482 623 624 658 cognovit
634 631 692 657 me,
704 625 731 650 et
740 622 871 659 populus
884 630 969 650 meus

189 677 251 697 non
266 669 417 698 intellexit.
433 669 522 698 Filios
536 669 672 704 enutrivi,
692 671 720 698 et
734 670 860 698 exaltavi
881 678 887 697 :
911 669 967 706 ipsi

189 718 288 744 autem
302 718 477 752 spreverunt
491 724 549 744 me.
565 726 579 742 »

478 796 607 826 SERMO
632 796 682 826 IV.

225 862 338 896 Angelis
352 862 409 889 suis
423 861 566 888 mandavit
581 861 613 888 de
629 863 665 895 te,
680 862 712 888 ut
725 860 885 888 custodiant
901 864 926 888 {e
941 862 971 888 z'n

190 909 312 937 omnibus
327 910 382 936 viis
398 910 453 936 tuis
468 908 488 936 ².
505 907 697 936 Admirabilis
718 909 746 935 et
764 908 923 944 stupenda,
945 909 972 935 ct

190 956 314 985 laudum
325 956 480 992 praeconiis
495 956 687 992 praedicanda
703 956 781 984 circa
795 964 851 984 nos
865 955 971 984 Altissi-

190 1004 232 1032 mi
246 1004 374 1040 bonitas,
399 1006 426 1032 et
447 1003 584 1031 amabilis
603 1003 767 1039 plurimum
789 1003 971 1038 Angelorum

145 1068 148 1070 -
190 1051 378 1087 militumque
393 1051 553 1079 coelestium
565 1051 702 1085 charitas,
713 1051 802 1078 simul
818 1052 845 1078 et
859 1051 971 1087 pietas;

192 1101 221 1127 et
237 1099 410 1135 plangenda
426 1107 486 1126 non
499 1107 608 1135 parum
623 1099 724 1126 nostra
738 1100 798 1126 tam
814 1098 908 1126 multa
923 1106 973 1125 ne-

192 1146 319 1174 cessitas.
330 1147 393 1174 Haec
408 1145 488 1173 enim
498 1146 565 1180 tria,
577 1146 607 1173 iu
619 1145 792 1173 auctoritate
808 1145 971 1181 praemissa,

191 1195 258 1220 sunt
274 1195 375 1221 notata
390 1202 396 1220 :
410 1201 480 1220 nam
495 1192 593 1229 primo
608 1195 726 1220 notatur
741 1193 819 1220 circa
833 1201 888 1220 nos
901 1193 974 1220 divi-

191 1248 231 1268 na
257 1239 422 1275 diligentia,
450 1239 617 1275 procedens
645 1247 681 1267 ex
711 1238 974 1275 superadmirabili

191 1287 341 1322 honitate;
359 1288 477 1314 notatur
498 1285 630 1314 secundo
651 1286 834 1321 Angelorum
857 1287 974 1313 sancto-

191 1342 259 1362 rum
276 1333 420 1369 custodia,
443 1333 609 1369 procedens
630 1341 667 1361 ex
689 1333 792 1360 intima
815 1332 973 1368 charitate,

192 1382 311 1409 notatur
331 1381 416 1408 tertio
435 1381 568 1408 humana
591 1380 770 1415 indigentia,
793 1380 917 1408 veniens
939 1388 975 1408 ex

193 1431 304 1456 naturae
314 1427 493 1456 infirmitate.
508 1430 581 1456 Nam
594 1428 697 1455 divina
712 1427 874 1463 diligentia,
884 1436 976 1464 quam

194 1475 312 1503 bonitas
326 1483 444 1502 summa
459 1475 539 1510 facit,
555 1476 682 1509 notatur,
697 1483 765 1502 cum
777 1475 901 1502 dicitur:
918 1475 974 1502 Au-

194 1524 260 1557 gelis
274 1524 331 1550 suis
345 1523 485 1550 mandavit
508 1523 540 1550 de
565 1524 599 1550 te.
616 1522 757 1557 Angelica
781 1529 862 1555 cura,
884 1530 976 1557 quam

195 1570 321 1598 charitas
338 1578 456 1598 summa
473 1570 576 1605 gignit,
600 1572 730 1604 notatur,
747 1578 814 1597 cum
831 1569 951 1597 additur
967 1578 973 1596 :

199 1619 232 1645 Ut
252 1618 405 1645 custodiant
428 1621 462 1644 te.
490 1617 546 1645 Sed
567 1619 668 1644 nostra
687 1616 862 1652 indigentia,
885 1624 976 1652 quam

195 1667 307 1693 naturae
326 1664 483 1693 necessitas
507 1664 678 1698 introducit,
699 1672 768 1692 cum
784 1663 905 1691 additur
920 1672 926 1690 :
944 1665 977 1691 In

196 1713 316 1739 omnibus
331 1713 385 1740 viis
400 1714 465 1739 tuis.
483 1713 552 1746 Quae
567 1711 648 1739 enim
668 1713 735 1739 sunt
751 1711 806 1739 viae
821 1719 906 1745 meae,
921 1711 977 1738 nisi

195 1759 226 1786 in
235 1761 357 1795 peccato
369 1759 463 1795 culpce
473 1759 626 1794 originalis
636 1758 763 1794 concipi,
776 1759 805 1786 in
817 1758 869 1786 dol
875 1758 977 1786 oribus

196 1806 288 1840 nasci,
318 1806 348 1833 in
376 1806 535 1842 gemitibus
560 1807 740 1841 conversari,
762 1808 790 1834 et
810 1806 977 1834 necessario

197 1853 296 1880 mori?
318 1855 373 1881 Ista
397 1855 475 1888 sunt,
496 1862 551 1890 pro
574 1854 684 1890 quibus
704 1854 810 1882 orabat
831 1854 978 1890 propheta

197 1900 301 1935 David,
325 1900 463 1928 dicens-⁹⁶:
481 1911 493 1926 ι(
513 1902 550 1928 De
569 1901 789 1929 necessitatibus
811 1901 885 1929 meis
907 1909 977 1928 erue

197 1955 254 1975 me.
271 1957 284 1973 n
303 1948 335 1974 Ut
350 1955 421 1982 ergo
438 1946 540 1975 omnia
555 1947 609 1975 ista
622 1947 711 1975 simul
726 1950 892 1982 tractemus,
904 1948 977 1975 scire

198 1994 353 2028 debemus,
371 1994 455 2030 quod
470 1994 538 2022 licet
553 2002 590 2022 ex
604 1994 736 2022 bonitate
757 1995 806 2022 Dei
828 1995 977 2030 permaxi-

196 2049 244 2069 me
260 2041 400 2069 omnibus
414 2041 586 2069 hominibus
601 2042 783 2077 Angelorum
794 2042 870 2070 adsit
881 2043 977 2069 custo-

198 2089 268 2124 dia3
289 2091 418 2125 quatuor
446 2092 544 2117 tamen
578 2098 688 2125 genera
716 2090 874 2117 hominum
899 2091 977 2123 sunt,

198 2136 308 2172 quihus
320 2137 447 2164 maxime
464 2136 554 2164 sancti
569 2137 671 2172 Angeli
686 2137 832 2164 assistunt.
846 2138 919 2164 Nam
932 2145 976 2164 re-

199 2185 243 2210 cte
256 2184 494 2211 conversantium
507 2183 632 2219 quidam
644 2185 711 2211 sunt
725 2184 898 2219 vigilantem
914 2183 979 2219 qui-

200 2230 271 2258 dam
301 2232 368 2258 sunt
390 2232 526 2264 orantes;
549 2231 674 2267 quidam
697 2234 764 2259 sunt
787 2232 977 2268 laborante53

200 2278 326 2315 quidam
343 2280 410 2305 sunt
424 2278 607 2307 sustinentes.
627 2281 699 2307 Nam
715 2279 840 2316 quidam
855 2280 980 2315 vigilant

200 2334 236 2353 ex
247 2325 423 2362 prudentia3
437 2325 560 2361 quidam
571 2330 656 2354 orant
671 2335 707 2354 ex
717 2327 899 2363 revi·1‘entia;
915 2328 980 2363 qui-

202 2373 270 2400 dam
287 2372 426 2400 laborant
440 2380 476 2399 ex
491 2372 679 2407 obedientia3
697 2376 724 2401 et
739 2374 863 2410 quidam
878 2375 980 2403 omnia

200 2419 279 2447 mala
303 2420 422 2455 portant
443 2426 479 2446 ex
506 2419 611 2446 mentis
633 2421 798 2448 constantia
837 2421 980 2449 Assistunt

201 2466 293 2494 sancti
319 2465 421 2500 Angeli
443 2473 480 2493 ex
503 2465 740 2494 consideratione
769 2468 978 2503 vigilantibus;

202 2513 272 2541 item
287 2513 393 2540 devote
408 2512 662 2549 supplicantibus;
678 2513 746 2541 item
762 2516 898 2550 prompte
911 2515 980 2543 obe-

203 2560 367 2594 dientibus3
384 2559 453 2587 item
464 2559 586 2587 viriliter
601 2560 682 2588 mala
697 2561 895 2596 portantibus.

238 2607 305 2634 Dico
325 2606 435 2642 primo,
459 2606 542 2642 quod
562 2607 665 2642 Angeli
681 2607 818 2636 assistunt
831 2608 980 2644 vigilanti-

235 2670 242 2685 ¹
261 2669 319 2697 isa..
337 2675 358 2700 1,
373 2671 398 2699 3,
414 2670 437 2694 ⁶2.
451 2683 482 2687 —
496 2669 503 2683 ²
518 2669 586 2693 Psal.
600 2676 646 2700 xc,
665 2672 703 2694 11.
721 2683 748 2686 —
764 2671 774 2687 ³
786 2671 942 2702 Psal.xx1v,
956 2673 979 2696 7.

205 2718 234 2723 —-
254 2706 263 2721 δ
278 2706 362 2737 Arist„
381 2707 446 2730 Hsst.
471 2706 592 2735 Animal„
610 2706 653 2730 lib¹
676 2707 721 2738 IX,
741 2714 762 2730 c.
783 2713 806 2731 x.
823 2721 853 2725 —
871 2709 880 2725 ⁵
896 2709 978 2739 Carth,

1745 227 1804 257 123

1023 292 1081 320 bus
1095 299 1131 320 ex
1145 291 1393 321 consideratione.
1411 292 1479 321 Vult
1492 292 1572 321 enim
1587 294 1662 321 Deus
1679 301 1734 322 nos
1746 294 1805 322 sol-

1023 338 1101 367 licite
1117 339 1252 375 vigilare,
1268 339 1377 375 vigiliis
1394 347 1515 368 carnem
1533 341 1667 375 atterere,
1690 342 1718 369 et
1735 348 1804 378 pro-

1023 386 1095 422 priae
1109 386 1195 414 saluti
1209 387 1372 415 intendere.
1388 388 1461 415 Nam
1479 387 1553 416 inter
1567 396 1654 423 grues
1665 388 1804 424 quaedam

1025 440 1142 469 semper
1151 433 1256 469 vigiles
1264 435 1374 468 sunt,et
1382 434 1507 462 sollicite
1516 436 1609 463 castra
1621 435 1802 464 custodiunt.

1024 480 1106 508 Unde
1126 480 1322 517 Philosophus
1345 481 1415 509 dicit
1434 483 1454 516 ⁴,
1473 482 1556 518 quod
1579 490 1675 510 unum
1696 482 1804 518 pedem

1024 528 1124 555 tenent
1137 527 1168 555 in
1183 529 1269 563 terra,
1286 528 1412 557 alterum
1427 537 1498 557 vero
1513 531 1612 558 tenent
1627 537 1804 566 suspensum

1025 582 1043 602 a
1057 575 1144 608 terra,
1160 574 1191 602 in
1206 583 1266 611 quo
1284 575 1423 612 lapillum
1442 578 1585 612 tenentes,
1603 577 1665 612 ejus
1685 585 1766 611 casu,
1782 577 1806 604 si

1025 621 1212 656 dormierint,
1234 623 1404 650 excitentur.
1430 624 1522 652 Valde
1546 624 1625 652 enim
1650 626 1735 660 turpe
1753 626 1805 660 est,

1026 670 1054 696 et
1070 668 1177 697 rationi
1201 670 1392 705 contrarium,
1413 673 1445 699 ut
1463 671 1584 699 brutum
1606 671 1726 700 volatile
1750 679 1806 707 pro

1025 723 1079 743 sua
1093 715 1187 744 salute
1206 716 1338 753 vigiliam
1359 719 1466 752 teneat,
1487 712 1674 746 errationale
1693 717 1806 746 animal

1027 762 1165 798 dormiat,
1181 772 1235 792 nec
1250 765 1383 800 pericula
1397 773 1452 793 sua
1466 765 1609 793 advertat.
1624 767 1698 793 Nam
1709 769 1736 794 et
1746 765 1806 800 leo,

1026 810 1050 837 si
1065 813 1188 846 cogente
1204 813 1311 840 natura
1326 812 1466 848 dormiat,
1480 821 1597 849 semper
1612 814 1713 841 tamen
1728 812 1807 841 oculi

1026 858 1160 893 vigilant,
1178 867 1213 887 eo
1229 859 1313 896 quod
1329 868 1380 888 eos
1395 860 1575 888 dormiendo
1590 868 1652 888 non
1667 860 1806 888 claudat:

1026 905 1199 942 lepusculus
1231 907 1319 934 etiam
1345 907 1469 943 quando
1500 907 1620 942 dormit,
1651 916 1808 944 nunquam

1028 953 1131 980 oculos
1147 953 1268 981 claudit.
1285 955 1315 982 lu
1327 954 1436 990 quibus
1445 954 1585 982 omnihus
1598 955 1639 982 sic
1654 955 1810 990 docemur,

1027 1001 1060 1028 ut
1079 1008 1196 1037 semper
1221 1001 1306 1038 quasi
1330 1002 1434 1038 vigiles
1453 1002 1557 1037 simuS,
1575 1003 1658 1038 juxta
1682 1002 1757 1030 illud
1772 1002 1782 1019 ⁵
1801 1011 1808 1030 ε

1031 1058 1043 1074 α
1064 1050 1124 1084 Ego
1143 1048 1273 1083 dormio,
1295 1051 1322 1077 et
1349 1057 1400 1077 cor
1424 1057 1526 1077 meum
1551 1050 1662 1085 vigilat.
1690 1059 1702 1076 »
1728 1050 1809 1077 Unde

1031 1096 1171 1123 Dominus
1189 1096 1328 1132 exemplo
1345 1098 1430 1124 utens
1444 1096 1674 1133 patrisfamilias,
1692 1097 1762 1124 dicit
1775 1097 1785 1113 θ
1801 1106 1808 1124 z

1033 1152 1046 1169 (ι
1065 1143 1092 1171 Si
1116 1144 1201 1171 sciret
1220 1144 1433 1180 paterfamilias
1458 1144 1581 1180 quando
1603 1144 1650 1172 fur
1670 1147 1811 1172 venturus

1030 1192 1114 1224 esset,
1140 1190 1276 1226 vigilaret
1298 1191 1409 1227 utique,
1432 1193 1460 1219 et
1481 1199 1542 1218 non
1563 1191 1672 1219 sineret
1693 1191 1811 1228 perfodi

1031 1238 1157 1265 domum
1177 1245 1261 1265 suam
1283 1247 1289 1264 ε
1312 1238 1440 1274 ideoque
1460 1241 1488 1266 et
1510 1246 1565 1266 vos
1589 1241 1678 1266 estote
1696 1239 1810 1274 parati;

1031 1285 1103 1320 quia
1122 1293 1182 1321 qua
1196 1285 1272 1313 hora
1288 1293 1348 1313 non
1366 1286 1486 1321 putatis,
1505 1285 1593 1313 Filius
1612 1285 1742 1313 hominis
1763 1293 1812 1313 ve-

1031 1331 1100 1359 niet.
1119 1342 1131 1358 »
1150 1331 1219 1366 Quis
1235 1332 1315 1360 enim
1338 1335 1390 1367 est,
1414 1333 1467 1368 qui
1490 1333 1520 1360 in
1543 1341 1660 1360 carcere
1683 1334 1767 1366 esset,
1786 1334 1814 1360 et

1028 1379 1162 1414 judicem
1177 1387 1292 1415 semper
1308 1381 1490 1415 expectaret,
1505 1382 1537 1407 ut
1551 1388 1619 1407 eum
1634 1379 1737 1407 tortori
1752 1380 1812 1407 tra-

1032 1427 1125 1460 deret,
1141 1435 1247 1454 somno
1261 1429 1390 1462 vacaret,
1407 1430 1434 1455 et
1449 1435 1509 1455 non
1526 1427 1644 1455 fletibus
1659 1427 1757 1463 potius
1772 1427 1814 1454 in-

1033 1474 1186 1502 tenderet?
1202 1474 1282 1502 Unde
1304 1476 1332 1502 B.
1349 1474 1488 1502 Arsenius
1504 1474 1588 1508 dixit,
1608 1477 1755 1510 quantum
1769 1474 1813 1501 vi-

1033 1521 1188 1556 gilandum
1203 1523 1287 1555 essct,
1309 1521 1392 1557 quod
1409 1521 1519 1549 scilicet
1533 1522 1681 1549 monacho
1698 1520 1814 1548 suffice-

1032 1570 1086 1602 ret,
1101 1568 1125 1595 si
1139 1576 1199 1595 una
1208 1568 1284 1595 hora
1299 1568 1451 1596 dormiret.
1462 1571 1508 1596 Vae
1520 1568 1609 1604 igitur
1619 1568 1677 1595 illis
1689 1567 1813 1602 miseris,

1034 1616 1085 1653 qui
1108 1618 1168 1644 tota
1189 1618 1275 1644 nocte
1297 1616 1459 1650 dormiunt,
1476 1618 1507 1643 ut
1525 1615 1555 1642 in
1571 1615 1618 1643 die
1635 1615 1815 1642 vanitatibus

1033 1663 1198 1691 intendant.
1212 1663 1288 1696 Quid
1305 1663 1385 1690 enim
1398 1663 1434 1690 de
1446 1664 1579 1698 tempore
1595 1664 1716 1698 accepto
1730 1670 1747 1689 a
1757 1663 1814 1689 Deo

1034 1711 1074 1738 ad
1084 1710 1287 1746 poenitentiam
1298 1718 1352 1746 pro
1365 1710 1472 1738 animae
1488 1710 1580 1737 salute
1595 1709 1774 1737 intendunt?
1789 1709 1815 1736 Si

1035 1758 1114 1786 enim
1126 1759 1166 1785 sic
1176 1759 1293 1794 tempus
1304 1757 1477 1794 expendunt
1488 1758 1666 1784 mercatores
1678 1764 1734 1793 pro
1746 1759 1816 1783 tem-

1034 1805 1190 1842 poralibus
1206 1805 1306 1839 lucris,
1321 1805 1345 1832 si
1358 1806 1398 1832 sic
1410 1805 1560 1832 scholares
1574 1812 1629 1840 pro
1647 1803 1817 1839 temporali-

1035 1853 1091 1880 hus
1100 1852 1228 1880 scientiis
1242 1852 1403 1886 lucrativis,
1414 1851 1438 1879 si
1447 1852 1487 1879 sic
1496 1852 1636 1879 mulieres
1646 1851 1675 1878 in
1684 1851 1741 1878 filis
1749 1850 1816 1877 fuso

1036 1900 1193 1934 contortis,
1211 1899 1284 1935 quid
1299 1899 1395 1927 facere
1409 1898 1695 1926 deberenthomines
1706 1905 1761 1934 pro
1773 1897 1817 1924 di-

1035 1947 1111 1974 vinis
1127 1946 1353 1974 charismatibus
1373 1946 1554 1981 obtinendis,
1570 1946 1681 1982 quihus
1695 1946 1726 1973 in
1741 1944 1816 1972 coelo

1037 1994 1190 2022 obtineant
1202 2002 1329 2029 regnum
1342 1994 1446 2030 pacis?
1461 1994 1517 2021 Sed
1533 1993 1747 2021 attendendum
1763 1994 1816 2027 cst,

1036 2041 1119 2077 quod
1140 2041 1214 2068 sicut
1235 2041 1326 2069 sancti
1342 2041 1446 2076 Angeli
1461 2041 1599 2068 assistunt
1613 2040 1816 2076 vigilantibuS,

1036 2088 1077 2116 sic
1091 2088 1228 2116 resistunt
1245 2088 1366 2116 desidiae
1384 2088 1568 2116 vacantibus.
1587 2087 1763 2123 Exemplum
1778 2086 1815 2113 de

1035 2136 1158 2171 Angelo,
1176 2136 1227 2172 qui
1243 2136 1345 2163 restitit
1359 2135 1479 2163 Balaam
1494 2135 1524 2162 in
1535 2135 1594 2169 via,
1612 2134 1662 2170 qui
1679 2133 1717 2161 ab
1734 2133 1817 2160 asina

1037 2183 1149 2217 didicit,
1173 2186 1200 2210 et
1224 2184 1376 2218 correptus
1403 2184 1454 2210 est.
1479 2183 1553 2217 Lege
1577 2181 1731 2209 historiam
1748 2181 1768 2215 ⁷,
1789 2181 1822 2207 et

1036 2230 1165 2266 praedica
1181 2238 1247 2257 eam
1261 2239 1267 2263 ;
1285 2230 1357 2265 quia
1371 2229 1440 2257 satis
1455 2231 1497 2257 est
1510 2229 1644 2264 pulchra.

1073 2277 1220 2311 Secundo,
1238 2277 1375 2305 assistunt
1389 2277 1494 2312 Angeli
1506 2276 1660 2304 orantibus
1672 2284 1707 2303 ex
1722 2275 1816 2302 devo-

1038 2325 1127 2353 tione.
1144 2325 1225 2352 Unde
1241 2325 1369 2360 Angelus
1385 2325 1396 2341 ⁸
1413 2334 1419 2352 ε
1440 2323 1589 2358 «Quando
1606 2323 1714 2351 orabas
1730 2324 1773 2357 tu,
1791 2324 1818 2349 et

1037 2374 1108 2400 Sara
1123 2381 1198 2400 uxor
1219 2374 1280 2406 tua,
1301 2381 1356 2408 ego
1375 2373 1470 2400 obtuli
1486 2372 1652 2400 orationem
1667 2373 1749 2398 tuam
1765 2378 1816 2397 co-

1037 2428 1102 2448 ram
1119 2419 1253 2447 Domino.
1268 2431 1281 2446 »
1296 2422 1328 2447 Et
1342 2420 1475 2455 sequitur
1492 2428 1497 2447 :
1515 2430 1527 2443 t(
1539 2421 1599 2454 Ego
1611 2426 1675 2445 sum
1687 2416 1818 2453 Raphael

1037 2467 1177 2502 Angelus,
1193 2478 1205 2492 n
1225 2469 1279 2495 etc.
1303 2467 1392 2495 Multa
1405 2466 1483 2494 enim
1499 2468 1541 2493 est
1557 2466 1648 2492 virtus
1663 2464 1816 2497 orationis,

1038 2522 1105 2550 quae
1117 2515 1207 2541 Deum
1222 2513 1303 2547 lenit,
1314 2513 1442 2548 Angelos
1458 2512 1497 2540 ad
1513 2520 1543 2539 se
1558 2511 1655 2545 trahit,
1668 2513 1695 2538 et
1706 2510 1817 2538 daemo-

1038 2570 1090 2590 nes
1107 2561 1207 2597 dejicit
1222 2564 1249 2589 et
1264 2560 1377 2596 affligit.
1391 2561 1493 2588 Narrat
1504 2559 1583 2587 enim
1594 2558 1719 2587 Historia
1727 2558 1816 2586 Scho-

1038 2608 1150 2644 lastica,
1168 2608 1251 2644 quod
1272 2610 1416 2644 tempore,
1442 2614 1502 2642 quo
1526 2606 1659 2634 Julianus
1679 2600 1817 2641 Apostata

1040 2677 1064 2702 v,
1082 2673 1105 2695 2.
1126 2684 1155 2689 --
1177 2672 1185 2685 ⁶
1202 2670 1270 2700 Luc„
1291 2676 1342 2701 xn,
1359 2671 1396 2694 39.
1415 2683 1439 2687 -
1463 2670 1470 2684 ⁷
1490 2670 1574 2699 Num,
1595 2674 1652 2693 xxm
1674 2670 1698 2693 ct
1718 2675 1772 2700 seq.
1788 2681 1817 2686 -

1040 2709 1047 2722 ⁸
1062 2707 1129 2738 Toh„
1144 2708 1300 2738 xii,12,15.

1851 780 1930 799 Exem-

1822 810 1867 837 pla.
