2029 3052
279 296 339 325 470

278 370 367 402 pore,
387 361 540 393 insinuat.
563 360 645 393 Sunt
663 369 806 401 namque
819 359 968 398 virtutes,
982 367 1056 399 quae

278 425 405 457 semper
412 416 595 456 obnixeque
605 414 753 446 tenendae
761 415 849 452 sunt,
859 415 890 444 et
899 414 975 444 sunt
983 422 1057 453 quae

278 472 421 511 tempore
445 469 579 510 locoque
606 467 740 510 provida
767 468 844 499 sunt
869 466 1058 498 discretione

279 523 454 556 mutandae.
471 522 547 560 Quis
562 522 648 554 enim
664 521 795 560 nesciat,
816 521 939 552 viscera
960 520 1057 552 mise-

279 577 435 616 ricordiae,
446 577 693 617 benignitatem,
703 575 930 614 humilitatem,
941 574 1061 615 patien-

279 625 369 670 tiam,
388 631 587 670 modestiam,
613 630 800 668 castitatem,
821 629 929 668 fidem,
956 637 1058 669 spem,

280 685 479 725 charitatem,
502 687 533 716 et
546 685 597 716 his
618 684 746 722 similia,
766 683 834 715 sine
857 682 924 714 ulla
937 685 1060 723 tempo-

280 749 357 772 rum
377 739 614 780 intercapedine
635 748 703 771 esse
723 737 899 770 servanda?
925 737 967 768 At
985 745 1062 768 vero

281 796 415 836 famem,
440 795 543 834 sitim,
569 795 716 835 vigilias,
738 794 928 831 nuditatem,
960 792 1062 824 lectio-

282 860 368 890 nem,
385 849 607 892 psalmodiam,
624 849 813 887 orationem‚
829 847 972 878 laborem
992 856 1065 887 ope-

282 904 387 941 randi,
413 903 603 942 doctrinam,
629 902 802 941 silentium,
824 903 855 933 et
877 903 991 933 caetera
1005 901 1066 932 hu-

282 957 438 999 jusmodi,
455 957 481 988 si
497 956 570 997 quis
584 965 710 996 semper
725 955 913 996 exequenda
929 957 1065 995 putave-

285 1012 338 1050 rit,
356 1020 421 1042 non
436 1010 531 1042 modo
545 1019 579 1041 se
598 1009 715 1041 horum
730 1009 835 1040 fructu
846 1009 995 1050 privabit,
1012 1008 1066 1040 sed

286 1068 317 1097 et
331 1066 440 1096 notam
464 1064 644 1096 indiscretae
668 1063 890 1095 obstinationis
913 1063 1064 1094 incurret.

287 1118 441 1158 Magister
462 1118 569 1158 itaque
592 1117 740 1157 Deusqne
757 1116 930 1154 virtutum,
948 1118 983 1147 ut
997 1124 1066 1147 mo-

287 1173 365 1204 dum
381 1171 580 1203 discretionis
595 1171 754 1208 insinuet,
772 1170 876 1201 missis
895 1170 933 1201 ad
955 1169 1069 1210 praedi-

288 1226 427 1258 candum
443 1225 616 1266 discipulis,
640 1234 680 1255 ne
706 1224 783 1265 qnid
808 1224 953 1255 tollerent
968 1224 999 1254 in
1016 1223 1069 1254 via

289 1279 451 1321 praecepit,
468 1279 614 1311 videlicet
628 1279 790 1315 ordinans,
807 1279 842 1308 ut
853 1277 906 1317 qui
924 1277 1069 1315 Evange-

291 1334 370 1365 lium
382 1333 584 1371 aununtiant,
596 1333 632 1364 dv
642 1331 818 1371 Evangelio
827 1331 948 1362 vivant.
962 1330 1070 1361 Mortis

290 1397 368 1420 vero
382 1390 526 1428 tempore
541 1387 594 1417 illo
614 1387 761 1424 instante,
783 1387 847 1416 tota
861 1384 958 1415 simul
973 1387 1070 1424 gente

291 1444 450 1483 pastorem
487 1449 688 1481 gregemque
718 1441 927 1480 persequente
942 1463 950 1477 ‚
991 1447 1070 1469 con-

293 1505 410 1536 gruam
425 1495 558 1533 tempori
571 1493 713 1525 decrevit
726 1493 886 1533 regulam,
902 1492 1070 1533 pecuniam

292 1551 409 1581 scilicet
423 1549 522 1581 victui
539 1548 761 1586 necessariam,
779 1547 878 1577 donec
890 1547 990 1587 sopita
1007 1556 1074 1587 prr-

292 1604 494 1635 secutionum
525 1602 665 1639 insania,
688 1604 811 1641 tempus
833 1600 1074 1639 evangelizandi

293 1658 411 1695 redeat,
428 1657 538 1688 tollere
555 1655 776 1696 permittendo.
793 1666 807 1682 »
830 1654 903 1685 llaaec
918 1654 1011 1685 Beda.
1030 1656 1075 1685 Ex

294 1711 452 1752 praedictis
468 1710 568 1749 igitur
585 1711 728 1749 patenter
741 1709 853 1745 eluet-t,
871 1708 955 1748 qnod
971 1708 1076 1739 omnis

295 1764 496 1806 perfectionis
508 1763 657 1804 splendor
668 1765 697 1793 et
711 1762 875 1802 spvcumm
887 1762 978 1793 Jesns
991 1762 1078 1792 (illiri-

296 1822 375 1856 stns,
395 1818 435 1849 ob
448 1827 504 1848 sex
519 1817 658 1848 rationes
679 1816 838 1856 pratitas,
862 1825 898 1846 ac
922 1815 1077 1855 triprcem

297 1872 479 1909 utilitatem,
497 1870 734 1910 aggregatione
750 1870 887 1909 quadam
911 1869 941 1899 in
960 1870 1078 1909 perfec-

297 1926 393 1958 tionis
407 1925 569 1956 senarium
593 1926 819 1963 consurgente,
839 1923 979 1953 mirabili
997 1931 1080 1962 quo-

299 1981 372 2011 dam
389 1979 483 2010 modo
501 1979 533 2009 in
558 1977 704 2009 babendo
725 1977 855 2014 loculos,
883 1979 913 2007 et
937 1977 1082 2006 infirmos

301 2033 437 2074 simplici
455 2033 548 2063 modo
564 2032 756 2069 consolatur,
774 2034 802 2061 et
820 2031 934 2070 impios
949 2029 1084 2070 duplici-

302 2091 349 2118 ter
357 2087 477 2127 arguit,
490 2089 518 2117 et
531 2087 682 2126 perfectos
694 2085 794 2116 tribus
808 2085 910 2115 modis
922 2084 1082 2114 informat.

304 2142 339 2172 ln
356 2141 486 2181 quibus,
511 2143 539 2171 et
559 2140 634 2170 illud
652 2139 797 2169 estomni
817 2138 1038 2175 admiratione,
1055 2140 1085 2168 et

304 2196 407 2232 laudo,
425 2205 460 2225 ao
486 2195 660 2224 imitatione
681 2192 920 2232 dignissimum,
942 2191 1026 2231 qnod
1041 2191 1086 2221 sic

305 2251 525 2290 paupertatem
550 2248 694 2278 Christus
717 2246 829 2283 tenuit,
848 2248 884 2275 ut
906 2247 1023 2275 statum
1041 2244 1086 2274 ‹li-

306 2303 408 2333 vitnm
425 2311 488 2332 non
510 2302 697 2338 damnaret;
715 2300 758 2329 sie
773 2302 802 2329 ot
824 2298 1015 2329 habentibus
1037 2308 1085 2337 po-

307 2355 435 2385 cnuiam
453 2354 647 2383 cont'ornwm
664 2362 696 2381 so
711 2352 823 2389 reddit,
842 2354 872 2381 ut
892 2350 1087 2390 paupertatis

308 2417 445 2439 snmmae
461 2407 596 2437 formam
613 2406 748 2445 perferte
765 2408 917 2435 servaret.
938 2404 1023 2435 Unde
1039 2413 1088 2434 su-

309 2472 364 2503 per
379 2461 456 2492 illud
469 2460 608 2491 Matthaei
627 2461 633 2476 ¹
651 2471 656 2490 :
680 2460 766 2491 Vade
782 2459 825 2491 (qu
843 2467 939 2496 utare,
958 2459 1085 2489 Glossa:

314 2528 327 2545 «
345 2515 496 2546 Dominus
517 2516 614 2545 tantfe
636 2514 695 2544 fuit
712 2514 924 2553 paupertatis,
946 2516 980 2543 ut
1005 2513 1089 2543 unde

311 2570 429 2600 tributa
447 2569 593 2605 solveret,
611 2577 675 2597 non
687 2567 827 2597 haberet.
848 2567 944 2597 ludas
959 2567 1088 2607 quidem

311 2623 494 2654 communia
509 2623 541 2653 in
559 2622 669 2653 loculis
690 2622 840 2658 liabebat3
866 2622 917 2651 sed
943 2631 993 2652 res
1009 2630 1087 2661 pitu-

312 2687 424 2717 pornm
443 2677 475 2706 in
492 2686 569 2706 usus
586 2685 659 2706 snos
676 2677 872 2711 convertero,
888 2676 972 2704 msa>-
986 2675 1087 2710 duxit,

314 2731 452 2770 idipsum
468 2730 546 2760 dans
563 2729 747 2768 exemplum
763 2728 865 2758 nobis.
883 2740 895 2755 »
918 2728 989 2758 lla‘t·
1006 2729 1091 2758 Glos-

349 2794 353 2808 ¹
371 2792 471 2822 illailla,
489 2798 551 2822 xxii,
570 2792 774 2819 21;.—²J0‹111.,
789 2793 894 2820 xx1,;¹‚::.

862 288 1074 322 APOLOGIAE
1096 289 1317 322 PAUPERUM

1112 367 1158 390 sa.
1186 357 1256 390 Non
1277 358 1383 398 igitur
1402 358 1498 390 loculi
1520 359 1635 391 Christi
1657 359 1696 390 ad
1714 359 1894 394 fomentum

1113 413 1295 454 cupiditatis
1309 414 1455 445 trahendi
1469 415 1555 446 sunt.
1575 413 1663 445 Sicut
1676 414 1764 445 enim
1780 414 1814 446 in
1829 414 1896 447 Sal-

1114 469 1225 499 vatore
1239 468 1348 498 nostro
1365 467 1521 498 crucifixo
1535 467 1581 498 nil
1595 467 1657 498 fuit
1666 491 1677 506 ,
1694 467 1781 508 quod
1796 477 1896 501 saecu-

1113 520 1197 552 lares
1208 520 1339 560 glorias,
1354 522 1409 551 aut
1417 520 1545 552 delicias
1553 523 1688 561 saperet,
1700 521 1746 553 sic
1757 522 1802 553 nil
1811 523 1893 563 egit,

1115 574 1161 605 nil
1175 574 1299 612 docuit,
1321 582 1378 614 per
1400 574 1488 614 quod
1509 574 1623 606 mundi
1647 575 1777 607 divitias
1799 585 1895 618 appe-

1115 627 1227 660 tendas
1242 636 1311 659 esse
1326 630 1533 666 monstraret;
1547 628 1628 669 quin
1643 629 1761 669 potius,
1786 631 1824 661 ut
1837 638 1898 661 nos

1117 679 1158 711 ad
1173 679 1319 720 perfectae
1334 679 1529 720 paupertatis
1540 688 1685 711 amorem
1698 680 1897 720 accenderet,

1118 733 1153 765 in
1165 733 1264 773 huJus
1283 732 1396 764 mundi
1409 742 1572 774 campum,
1592 733 1718 765 hostem
1729 743 1898 775 expugna-

1119 790 1233 826 turus,
1262 787 1459 827 ingrediens,
1495 787 1534 818 de
1559 788 1766 828 pauperrima
1795 790 1900 820 matre

1120 841 1347 883 pauperrimus
1371 841 1506 881 prodiit;
1529 841 1584 873 sed
1611 844 1642 873 et
1670 841 1806 874 hostiam
1837 842 1900 874 Deo

1122 896 1215 928 Patri.
1232 898 1268 927 ut
1292 895 1433 936 pontifex
1451 895 1606 933 offerenS,
1624 895 1730 928 nudus
1751 896 1785 927 in
1805 905 1900 928 cruce

1122 949 1282 990 pependit,
1303 958 1428 980 necnon
1450 952 1486 980 ut
1507 949 1626 980 veritas
1647 951 1728 989 ejus,
1745 951 1900 991 tanquam

1122 1002 1359 1043 perfectissimae
1382 1001 1579 1032 rectitudinis
1590 1026 1600 1040 ‚
1616 1011 1822 1043 nequaquam
1837 1004 1899 1035 dis-

1124 1056 1267 1087 cordaret
1280 1055 1423 1086 medium
1437 1056 1478 1086 ab
1498 1056 1669 1094 extremis,
1687 1058 1752 1088 tota
1767 1057 1834 1089 vita
1846 1057 1900 1098 ip-

1123 1111 1188 1141 sius
1209 1111 1354 1142 caminus
1375 1110 1569 1151 paupertatis
1590 1111 1661 1142 fuit.
1678 1111 1784 1152 Ilujus
1799 1112 1900 1151 igitur

1124 1163 1325 1195 invictissimi
1339 1163 1429 1194 ducis
1451 1164 1607 1202 nuditate,
1626 1167 1780 1205 tanquam
1795 1175 1903 1197 arma-

1124 1220 1195 1249 tura
1211 1217 1410 1256 circumdati,
1426 1219 1457 1248 et
1473 1217 1505 1248 in
1521 1227 1558 1248 eo
1576 1218 1643 1249 solo
1655 1221 1829 1259 sperantes,
1845 1220 1902 1261 qui

1124 1271 1168 1302 ait
1182 1272 1215 1301 ¹:
1240 1271 1410 1310 confidite,
1431 1279 1486 1311 eqo
1505 1273 1571 1304 vici
1592 1272 1761 1311 mundum,
1789 1273 1824 1304 in
1854 1274 1905 1314 ip-

1124 1326 1190 1356 sius
1202 1325 1350 1366 pauperis
1363 1325 1513 1356 Crucifixi
1526 1326 1667 1365 nomine,
1679 1326 1809 1358 hostiles
1821 1327 1904 1359 exci-

1127 1379 1253 1420 piamus
1268 1379 1417 1409 insultus.

1394 1479 1573 1513 CAPUT
1606 1481 1644 1513 ΙΙ

1128 1554 1161 1580 Iu
1174 1560 1224 1587 quo
1236 1554 1433 1587 possessionum
1450 1554 1617 1582 leviticarum
1628 1559 1651 1582 et
1667 1556 1909 1583 ecclesiasticarum

1166 1607 1180 1625 a
1197 1599 1308 1632 fluentia
1345 1600 1507 1625 monstratur
1543 1600 1703 1633 perfectioni
1736 1601 1909 1634 paupertatis

1166 1651 1218 1670 non
1250 1651 1304 1670 csse
1325 1645 1481 1674 contraria,
1505 1643 1550 1671 sed
1569 1647 1593 1671 et
1618 1645 1812 1672 commendatio
1835 1645 1909 1672 divt-

1168 1689 1269 1715 uarum
1291 1688 1444 1715 ostenditur
1464 1696 1515 1715 non
1536 1696 1589 1715 esse
1612 1696 1712 1716 secura.

1174 1757 1372 1797 Paupertatis
1394 1757 1551 1797 siquidem
1570 1758 1684 1789 odibile
1706 1759 1843 1796 bonum,
1859 1767 1909 1789 re-

1134 1811 1261 1842 troactis
1287 1811 1501 1851 temporibus,
1527 1811 1561 1841 in
1582 1813 1671 1842 tanto
1697 1812 1756 1842 fuit
1777 1812 1911 1843 horrore

1135 1865 1332 1897 sensualitati
1342 1865 1538 1902 mortalium,
1546 1867 1580 1895 nt
1592 1868 1664 1896 ante
1673 1865 1788 1897 Christi
1797 1866 1914 1897 adven-

1137 1923 1205 1950 tum
1218 1944 1225 1958 ,
1240 1919 1297 1950 vix
1312 1922 1611 1959 quantumcumque
1626 1919 1782 1959 perfectus
1801 1919 1916 1959 pretio-

1138 1974 1263 2004 sitatem
1280 1973 1378 2013 ipsius
1393 1975 1591 2012 agnosceret.
1611 1973 1684 2004 Post
1697 1973 1815 2005 veroin
1828 1976 1916 2004 tanta

1138 2029 1197 2058 fuit
1213 2027 1422 2058 admiratione
1443 2027 1659 2067 spiritualium
1679 2029 1775 2067 atque
1790 2027 1916 2067 sapien-

1140 2082 1218 2112 tium
1237 2105 1244 2118 ,
1271 2083 1308 2111 ut
1338 2081 1392 2110 vix
1422 2083 1721 2120 quantumcumque
1748 2089 1918 2121 perversus

1141 2134 1312 2166 haercticns
1332 2133 1430 2173 ipsius
1451 2134 1598 2173 dignitati
1621 2134 1807 2173 derogaret,
1824 2142 1916 2165 exce-

1141 2192 1194 2229 pto
1217 2189 1383 2219 dumtaxat
1404 2187 1575 2226 Vigilantio
1597 2187 1748 2227 quodam.
1767 2187 1826 2225 Qui
1843 2196 1919 2218 cum

1141 2244 1178 2275 ad
1215 2243 1507 2284 interpretationem
1536 2243 1616 2273 sacri
1645 2243 1781 2274 doctoris
1808 2242 1920 2273 Hiero-

1142 2299 1230 2338 nymi
1247 2297 1447 2328 dormitasset
1460 2297 1669 2337 jamdudum,
1688 2306 1775 2327 nnnc
1791 2305 1846 2337 per
1861 2305 1918 2327 no-

1144 2362 1221 2383 vnm
1237 2352 1408 2392 quenulam
1426 2351 1619 2391 paupertatis
1635 2351 1770 2389 hostem,
1788 2350 1841 2381 illo
1855 2358 1919 2380 non

1144 2407 1252 2438 minus
1276 2406 1479 2446 improbum,
1502 2405 1673 2444 evigilasse
1695 2405 1833 2436 videtur.
1866 2403 1920 2434 lile

1144 2461 1299 2492 nimirum
1324 2462 1434 2490 contra
1456 2459 1650 2499 paupertatis
1675 2457 1897 2498 perfectionem
1911 2481 1918 2493 ,

1144 2518 1171 2545 ot
1203 2514 1466 2545 sustentationem
1500 2521 1675 2552 pauperum
1714 2512 1917 2548 sanctorum,

1145 2570 1193 2599 sni
1221 2568 1355 2608 pectoris
1370 2567 1459 2598 virus
1478 2566 1635 2602 evomuit;
1656 2564 1707 2594 hic
1729 2566 1836 2595 antem
1864 2563 1920 2594 bo-

1146 2632 1261 2654 norum
1279 2621 1501 2661 temporalium
1516 2618 1713 2650 affluentiam
1731 2618 1762 2648 in
1783 2617 1921 2648 culmine

1147 2674 1347 2714 poi-sectionis
1362 2671 1555 2711 evangelicae
1574 2669 1740 2707 collocans,
1759 2669 1920 2709 ipsorum-

1146 2738 1208 2768 qnov
1222 2727 1436 2758 voluntariam
1454 2724 1639 2761 carentiam,
1657 2726 1691 2754 ut
1708 2723 1920 2763 imperfectam

1147 2784 1177 2812 et
1194 2780 1457 2820 superstitiosam,
1474 2778 1685 2815 calumnians,
1703 2777 1788 2807 illius
1803 2785 1836 2807 se
1850 2776 1923 2806 fate-
