2029 3052
210 222 272 254 236

209 295 272 326 quo
279 285 446 316 seeundum
454 285 632 323 originalem
641 285 865 322 corruptionem
873 286 936 314 tam
943 285 992 314 in-

208 335 288 365 firmi
299 334 340 364 ad
352 334 478 370 bonum,
492 335 521 362 et
533 335 595 362 tam
606 331 742 369 proniad
753 331 870 362 malum
876 340 991 370 sumus,

209 382 295 420 quod
312 381 442 420 quilibet
460 389 530 410 cum
547 380 651 409 fomite
670 380 768 416 natm,
791 379 920 418 quilibet
937 388 993 418 per

208 429 343 459 fomitem
356 428 493 458 infirmus
504 429 532 456 et
545 427 694 464 plagatus,
706 427 806 459 dicere
812 427 993 464 potestiliud

208 476 362 506 Hieremiae
376 476 385 494 ¹
402 485 409 504 :
429 476 476 504 Voe
485 475 556 503 mihi
567 482 648 511 super
661 475 824 504 contritione
839 483 911 511 mea,
928 483 992 511 pes-

207 527 279 554 sima
292 525 377 560 playa
397 531 467 551 mea.
489 523 546 558 1390
566 524 658 550 autem
680 521 768 551 dixi-e
783 522 868 550 Plane
881 522 936 551 hoec
951 523 993 550 in-

207 573 323 607 firmitas
337 577 397 599 mea
410 571 460 605 est,
473 571 499 598 et
512 577 560 605 eqo
576 569 691 604 portabo
708 569 797 597 illam.
817 568 886 604 Sed,
911 569 989 598 heu!

207 626 270 648 non
291 617 391 646 solum
411 617 488 645 inest
505 615 696 645 nascentibus
708 623 754 644 vae
768 615 946 644 infirmitatis
964 617 993 644 et

207 664 343 699 miseriae,
357 663 476 692 adultos
495 663 535 692 ad
552 664 710 700 peccatum
730 662 915 698 inclinantis3
937 662 991 691 sed

207 711 297 740 etiam
314 719 359 740 vae
376 710 515 739 foeditatis
529 711 558 739 et
571 709 678 747 culpoe,
691 709 836 748 parvulos
853 709 893 738 ad
915 709 992 737 iram

207 757 378 794 obligantis,
394 757 432 786 de
447 765 508 794 qua
522 757 682 794 Apostolus
695 757 737 786 ait
749 758 779 785 ¹:
794 756 890 784 Omnes
904 757 992 784 nasci-

206 814 267 834 mur
290 805 326 841 (α)
347 806 403 840 filii
420 807 480 834 irae.
503 806 526 834 Ο
548 812 641 842 quam
658 803 801 833 immunis
819 803 859 832 ab
877 803 933 832 isto
947 811 992 832 vae

207 852 391 881 nascentium
413 851 468 880 t'uit
495 851 680 880 sanctissima
716 850 853 879 nativitas
885 849 989 886 Μαι-ιω,

207 908 274 937 quae
289 907 350 928 non
364 898 463 928 solum
478 899 517 928 ab
533 898 671 935 originali
687 897 785 935 culpa,
800 897 854 926 sed
869 897 958 926 etiam
973 905 991 926 a

206 946 317 976 fomitis
340 945 469 981 miseria,
494 945 525 974 in
545 947 691 982 quantum
705 945 744 974 ad
758 946 914 982 peecatum
935 944 991 973 du-

207 994 301 1022 ctivus
322 995 394 1029 erat,
414 993 455 1021 sic
470 992 596 1021 liberata
611 992 742 1021 creditur
759 1000 812 1029 per
827 991 991 1020 sanctifica-

207 1040 319 1069 tionem
333 1041 364 1068 in
383 1043 478 1074 utero,
495 1042 526 1068 ut
540 1047 698 1076 nunquam
716 1039 756 1068 ad
777 1040 933 1076 peccatum
948 1039 992 1066 in-

208 1087 317 1116 clinata
339 1087 427 1116 fuerit
450 1087 481 1116 in
504 1087 562 1116 hoc
586 1086 712 1118 mundo.
734 1088 806 1115 teste
829 1085 991 1121 Bernardo,

209 1135 260 1172 qui
275 1135 315 1164 ait
330 1136 341 1153 ³
357 1144 365 1163 :
379 1136 477 1163 «Puto
493 1134 575 1170 quod
591 1133 740 1170 copiosior
754 1133 848 1169 gratia
863 1132 992 1161 sanctifi-

209 1183 333 1211 cationis
346 1182 378 1210 in
392 1182 488 1218 ipsam
497 1180 702 1218 descenderit,
725 1188 792 1217 quoe
811 1187 874 1208 non
894 1179 992 1208 solum

209 1232 308 1260 ortum
316 1230 380 1266 ejus
386 1229 579 1258 sanctificavit
587 1229 636 1266 (b),
647 1228 701 1257 sed
709 1228 798 1257 etiam
807 1228 899 1256 vitam
910 1227 993 1256 dein-

210 1286 279 1314 ceps
288 1277 327 1306 ab
336 1277 419 1306 omni
429 1278 552 1314 peccato
566 1276 737 1305 custodierit
751 1276 783 1311 (c)
798 1275 990 1303 immunem.»

210 1325 285 1360 Quia
303 1332 375 1360 ergo
402 1324 539 1353 nativitas
559 1324 653 1352 Mariae
678 1325 738 1351 tam
765 1323 854 1358 longe
878 1321 933 1350 fuit
955 1321 994 1350 ab

211 1373 266 1401 isto
295 1380 353 1407 vae,
383 1371 452 1400 ideo
479 1371 584 1400 merito
618 1371 645 1399 ei
680 1370 790 1398 dictum
819 1372 861 1398 est
891 1379 896 1397 ι
923 1370 993 1397 Ave.

211 1421 283 1449 Item
309 1427 353 1447 voe
380 1419 505 1447 miserioe
535 1418 725 1455 parientium,
757 1419 799 1445 est
826 1416 902 1445 illud
935 1415 996 1444 ori-

212 1466 320 1503 ginalis
345 1466 563 1495 maledictionis
593 1474 648 1500 vae,
670 1465 708 1493 de
730 1473 792 1501 quo
815 1464 927 1492 dictum
954 1465 997 1491 est

213 1516 279 1542 Evae
302 1514 312 1531 ⁸
339 1523 345 1541 :
371 1515 403 1542 ln
421 1514 511 1541 dolore
528 1515 621 1549 paries
641 1514 722 1548 filios,
741 1514 796 1540 etc.
818 1513 856 1539 De
876 1511 933 1539 hoc
952 1518 996 1538 vae

212 1561 363 1598 plerisque
394 1560 617 1597 proegnantihus
652 1559 709 1587 dici
743 1561 839 1595 potest
871 1565 996 1593 genera-

212 1609 293 1643 liter,
332 1608 415 1645 quod
450 1608 591 1636 Dominus
631 1607 668 1635 de
705 1606 887 1643 quibusdam
922 1613 997 1641 prte-

212 1656 372 1692 gnantibus
401 1655 472 1683 dicit
494 1655 683 1691 specialiter¹¹
710 1663 716 1681 :
747 1655 792 1681 Vm
815 1655 903 1680 aulem
930 1660 999 1687 prce-

213 1703 361 1738 flnantz'bus
384 1706 407 1730 et
428 1703 612 1730 nutrientibus
629 1703 657 1728 ιἰι
674 1702 732 1728 illis
748 1701 852 1728 (liebus.
869 1703 891 1727 υ
907 1707 998 1735 quam

214 1750 356 1778 immunis
377 1750 416 1778 ab
437 1750 492 1777 isto
518 1757 560 1776 voe
578 1748 631 1776 suit
651 1756 807 1784 praegnans
832 1749 859 1774 ct
881 1746 999 1782 pariens

215 1799 315 1825 uterus
338 1797 444 1831 Marioe,
469 1796 631 1832 Augustino
655 1798 735 1829 teste,
759 1794 809 1831 qui
833 1793 920 1822 aitfl:
947 1804 959 1817 (ι
978 1796 999 1821 0

215 1853 307 1881 quam
319 1844 407 1872 beata
419 1845 507 1872 Mater
520 1843 574 1871 ista
589 1845 641 1876 est,
659 1850 725 1878 quoe
737 1841 799 1869 sine
815 1840 999 1869 contamina-

216 1891 294 1919 tione
311 1891 447 1927 concepit
462 1889 651 1923 munditiam,
666 1892 694 1917 et
708 1889 770 1916 sine
790 1888 895 1916 dolore
910 1896 1000 1924 pepe-

215 1939 252 1967 rit
267 1938 458 1966 medicinam.
486 1948 498 1963 »
526 1937 600 1971 Quia
625 1944 697 1972 crgo
723 1936 811 1964 Maria
831 1937 890 1962 tam
911 1934 1001 1970 longe

217 1986 270 2014 tuit
286 1986 324 2014 ab
340 1985 395 2013 isto
411 1984 590 2021 parientium
609 1992 662 2018 vm,
685 1983 753 2011 ideo
770 1982 874 2010 merito
890 1981 1001 2009 dictum

218 2036 260 2061 est
275 2033 301 2061 ei
319 2042 324 2060 :
347 2034 414 2060 Ave.
437 2033 507 2059 ltem
530 2031 653 2058 miserim
676 2038 719 2057 vn·
741 2029 941 2062 morientium,
961 2031 1003 2056 cst

218 2089 262 2109 vae
282 2079 516 2111 incinerationis,
539 2077 621 2114 quod
650 2077 762 2105 homini
786 2077 929 2104 inilictum
949 2078 1002 2110 est,

219 2127 343 2165 quando
368 2126 500 2163 peccanti
526 2125 638 2153 dictum
661 2126 703 2152 est
717 2123 726 2138 '¹
746 2134 751 2151 :
773 2125 865 2151 Pulvis
881 2131 917 2156 cs,
934 2127 957 2150 et
975 2124 1003 2149 ιἰι

220 2176 355 2211 pulverem
380 2174 533 2201 reverteris.
560 2171 640 2200 Unde
663 2174 721 2199 tam
744 2171 780 2198 de
805 2179 848 2198 vae
872 2170 1003 2198 morien-

221 2222 306 2255 tium,
335 2229 426 2257 quam
450 2220 487 2248 de
508 2228 551 2247 vce
570 2219 765 2253 nasccntium,
787 2218 862 2245 bene
881 2217 1004 2252 intelligi

221 2271 318 2305 potest
333 2268 416 2304 quod
431 2267 539 2295 dieitur
554 2267 583 2293 in
599 2267 786 2294 Ecclesiastico
805 2266 814 2279 ’¹
831 2275 839 2292 :
860 2266 905 2291 l'oe
922 2266 1004 2298 robis,

221 2318 278 2344 viri
294 2317 384 2351 impii,
403 2316 450 2349 qui
467 2315 652 2349 dereliquistis
673 2314 755 2347 Icycm
774 2313 881 2339 Domini
901 2312 1005 2339 altisss-

222 2365 270 2392 mi.
287 2365 322 2391 Ee
334 2364 359 2390 si
374 2363 434 2389 nati
450 2362 574 2394 fueritis,
590 2363 616 2387 ιἰι
633 2360 824 2387 maledictione
840 2360 1004 2393 nascemini3

223 2414 247 2438 ct
258 2412 283 2437 si
293 2411 375 2438 morti
386 2410 507 2442 fueritis,
522 2409 549 2434 iu
565 2408 753 2434 malolictz'ainc
764 2415 830 2441 pars
844 2409 933 2433 vestre
945 2407 1006 2433 erit.

224 2459 305 2486 Certe
321 2459 381 2486 tam
396 2456 448 2492 pii,
465 2463 556 2492 quam
572 2453 667 2489 impii,
685 2456 847 2481 nascuntur
868 2454 898 2480 in
914 2452 1006 2480 male-

225 2505 353 2533 dictione
369 2503 489 2538 sortitis,
507 2505 535 2530 et
549 2501 657 2529 mortui
674 2503 759 2528 erunt
775 2500 805 2528 in
821 2499 1006 2528 maledictio-

260 2593 264 2605 ¹
282 2591 384 2620 Jerem„
401 2597 432 2621 x,
448 2592 485 2614 w.
504 2602 534 2607 -—
552 2589 562 2604 ¹
581 2587 682 2619 Elaios,
699 2593 731 2616 ιι,
751 2588 774 2609 3.
792 2599 821 2603 -
836 2586 846 2602 ³
864 2586 950 2614 Beru„
966 2585 1008 2609 ubi

227 2635 303 2659 supra
324 2628 449 2658 proxime.
466 2638 496 2642 -r-
514 2627 521 2639 ⁴
539 2625 611 2656 Gen.,
628 2630 672 2655 111,
693 2626 730 2648 tss.
746 2637 775 2641 —
794 2624 804 2639 ⁵
820 2623 922 2652 Mami,
938 2629 1008 2652 xxiv,

227 2667 265 2689 19.
284 2677 314 2681 —
328 2664 338 2679 θ
355 2665 471 2693 August„
486 2662 514 2685 de
529 2662 615 2686 Narin.
637 2661 664 2684 Β.
685 2661 764 2687 Mar„
779 2666 858 2683 serm.
875 2665 915 2689 ιιι,
934 2661 1009 2689 prout

227 2700 336 2725 liabetur
351 2700 376 2723 in
393 2698 559 2730 Milteloqmo.
579 2710 607 2715 --
625 2695 632 2712 ⁷
653 2696 723 2725 Gen„
743 2701 782 2725 ιιι,
798 2697 832 2719 19.
850 2708 879 2712 -
897 2694 907 2711 ⁸
923 2694 1009 2724 Ecclrl,

1301 0 1366 47 ἲ
1452 34 1463 42 Ι
1806 0 1810 1 ⁷
1860 0 1930 30 ,ζμ-

647 215 857 250 SPECULUM
877 216 1023 250 BEATAE
1043 217 1184 253 MARIAE
1204 217 1395 252 VlRGlNlS.

1048 293 1087 315 ne
1097 285 1248 324 pulveris;
1263 288 1293 316 et
1304 288 1406 316 tamen
1419 285 1493 316 solis
1504 286 1607 324 impiis
1618 294 1666 317 vai
1677 288 1832 327 utriusque

1048 333 1267 363 maledictionis
1277 341 1341 363 non
1350 333 1832 372 inconvenienter-hiemantem,

1048 388 1085 409 eo
1099 380 1184 418 quod
1193 381 1267 418 ipsis
1280 382 1310 410 et
1321 380 1418 410 t'omes
1431 381 1639 418 periculosior,
1649 381 1835 415 etinoineru„

1047 427 1089 456 tio
1099 427 1234 457 odiosior
1250 435 1314 457 esse
1332 427 1470 458 videatur
1476 437 1486 464 ς
1502 427 1634 466 denique
1645 428 1762 466 iniustis
1775 428 1837 458 mi·
1876 432 1880 437 ·

1047 474 1126 503 seria
1135 473 1247 504 fomitis
1260 474 1409 511 nocivior,
1428 476 1458 504 et
1474 475 1623 505 memoria
1641 475 1833 506 incineratio-

1047 521 1094 550 nis
1107 521 1239 551 amarior
1252 523 1306 557 est,
1321 529 1415 559 quam
1428 522 1526 559 justis.
1542 523 1565 552 Ο
1579 530 1673 560 quam
1688 522 1779 560 longe
1793 523 1834 553 ab

1047 567 1104 598 isto
1118 567 1341 598 incinerationis
1358 577 1405 597 vae
1418 568 1486 605 fuit,
1498 571 1533 598 ut
1545 569 1705 606 credimus,
1723 577 1834 608 corpus

1047 614 1144 644 Μαι-ιω
1157 615 1394 644 sanctissimum!
1412 617 1471 645 Hoc
1485 616 1566 646 enim
1584 623 1695 654 corpus
1708 618 1753 646 est
1765 625 1835 647 arca
1869 622 1957 650 com·

1047 662 1232 691 sanctissima
1242 662 1303 698 Dei,
1314 670 1407 700 quam
1421 663 1521 692 decuit
1535 670 1597 692 non
1606 663 1770 701 putrefieri,
1781 663 1835 693 sed
1849 657 1958 716 ⁸3:5¹⁸&

1047 709 1087 738 ad
1106 710 1198 738 instar
1220 709 1275 738 filii
1297 709 1344 738 sui
1366 712 1434 739 ante
1449 718 1572 740 omnem
1585 711 1835 748 putrefactionem
1855 719 1953 741 annexu

1047 756 1190 786 suscitari.
1213 756 1294 786 Unde
1319 758 1380 786 tam
1405 757 1443 786 de
1466 757 1542 794 filio,
1567 765 1660 796 quam
1680 757 1719 787 de
1740 759 1835 788 mati-e
1849 750 1958 803 5¹2¹&

1046 803 1218 833 notabiliter
1232 804 1273 833 ait
1287 804 1434 841 Propheta
1447 805 1458 822 ⁹
1473 813 1481 833 :
1496 805 1593 841 Sur-qe,
1610 805 1735 840 Domine,
1750 807 1781 834 in
1795 814 1836 834 re·
1858 819 1948 836 omnm

1047 853 1137 887 quiem
1151 854 1237 887 tuam,
1255 853 1294 887 tu,
1311 854 1337 880 et
1353 860 1419 880 arca
1436 853 1662 888 sanctificationis
1684 855 1748 881 tuoe.
1771 853 1836 881 flaec
1850 845 1959 900 axx*

1047 906 1117 927 arca
1139 897 1177 926 de
1201 897 1290 934 lignis
1313 898 1551 935 imputribilibus
1575 899 1654 928 tacta
1679 901 1733 935 est,
1765 899 1836 936 quia
1936 892 1944 899 ’

1048 953 1117 974 caro
1129 944 1225 974 Μαι-ιω
1238 952 1445 982 nequaquam,
1457 947 1490 974 ut
1500 946 1662 982 credimus,
1671 946 1838 983 putrefacta

1049 994 1100 1021 est.
1110 992 1241 1029 Ideoque
1254 991 1331 1021 bene
1343 992 1448 1021 beatus
1456 992 1637 1029 Augustinus
1647 993 1688 1022 ait
1696 992 1733 1020 ¹⁰:
1747 995 1837 1023 «Tam

1047 1039 1225 1076 praeclarum
1233 1038 1405 1067 thesaurum
1416 1039 1540 1075 dignius
1550 1041 1593 1068 est
1601 1039 1711 1068 coelum
1719 1031 1838 1069 serva're

1047 1094 1140 1123 quam
1155 1088 1274 1120 terram,
1288 1088 1461 1123 tantamque
1474 1086 1671 1123 integritatem
1683 1087 1788 1116 merito
1796 1087 1838 1116 in-

1049 1132 1292 1169 corruptibilitas,
1307 1141 1370 1162 non
1385 1133 1551 1170 putredinis
1563 1133 1626 1162 ulla
1639 1133 1783 1163 resolutio
1792 1141 1838 1162 se-

1050 1180 1160 1217 quitur.
1178 1190 1191 1206 υ
1206 1180 1235 1208 Si
1255 1187 1326 1216 ergo
1346 1180 1436 1208 Maria
1455 1188 1492 1209 eo
1514 1180 1618 1217 modo,
1640 1189 1702 1218 quo
1721 1181 1837 1210 dictum

1050 1227 1103 1260 est,
1117 1225 1207 1261 longe
1222 1224 1277 1254 fuit
1291 1233 1309 1253 a
1323 1225 1507 1254 nascentium
1520 1234 1575 1261 voe,
1585 1226 1675 1262 longe
1684 1226 1739 1255 ruit
1746 1226 1838 1256 etiam

1051 1281 1068 1300 a
1083 1272 1274 1300 morientium
1290 1281 1342 1308 vae,
1359 1275 1387 1301 et
1402 1273 1471 1302 ideo
1488 1273 1594 1302 merito
1611 1273 1638 1302 ei
1651 1273 1764 1302 dictum
1779 1275 1835 1303 est:

1051 1321 1120 1348 Ave.

1087 1367 1191 1402 Tertio,
1211 1367 1386 1403 charissimi,
1406 1368 1659 1397 considerandum
1678 1369 1732 1403 est,
1753 1368 1837 1405 quod
1852 1375 1878 1396 s.
1890 1374 1960 1402 Virgo

1053 1415 1141 1443 Maria
1156 1414 1299 1443 immunis
1315 1415 1369 1443 suit
1384 1423 1445 1443 non
1460 1415 1560 1444 solum
1575 1423 1593 1444 a
1608 1415 1713 1452 triplici
1723 1423 1767 1444 vae
1777 1415 1838 1444 cul·
1852 1406 1958 1459 „22:⁴ss

1051 1470 1097 1498 pae
1116 1461 1249 1497 actualis,
1268 1469 1330 1490 non
1351 1462 1450 1490 solum
1467 1470 1485 1491 a
1510 1461 1618 1499 triplici
1645 1470 1691 1490 ναι
1712 1462 1838 1491 miserim
1851 1468 1958 1496 utriplioi

1053 1508 1205 1544 originalis
1214 1518 1222 1544 ς
1239 1508 1292 1537 sed
1306 1509 1394 1537 etiam
1410 1517 1428 1537 a
1443 1509 1549 1546 triplici
1566 1517 1655 1546 prena
1666 1509 1837 1546 gehennali.
1852 1506 1960 1558 ’κζ’

1054 1558 1113 1585 lloc
1129 1556 1235 1593 triplex
1257 1565 1300 1584 voe
1319 1557 1451 1585 consistit
1467 1557 1497 1585 in
1512 1565 1670 1594 poenarum
1689 1556 1837 1593 magnitu-
1867 1561 1932 1583 unus.

1054 1603 1138 1638 dine,
1168 1603 1356 1632 multitudine
1367 1625 1375 1637 ,
1401 1607 1428 1632 et
1453 1603 1650 1639 longitudine.
1686 1605 1734 1632 Vae
1767 1611 1838 1639 ergo

1055 1651 1202 1679 damnatis
1220 1651 1330 1688 pariter
1353 1654 1380 1679 et
1400 1651 1599 1679 damnandis:
1623 1659 1678 1686 vae,
1702 1651 1838 1687 inquam,

1054 1701 1176 1734 propter
1192 1698 1446 1734 magnitudincm;
1468 1706 1511 1726 vie
1531 1700 1653 1734 propter
1672 1697 1838 1726 multitudi-

1055 1753 1142 1780 nem3
1163 1753 1206 1773 vie
1230 1748 1350 1781 propter
1371 1744 1588 1780 longitudinem
1611 1746 1837 1773 tormentorum.

1056 1794 1094 1821 De
1109 1793 1154 1820 his
1169 1793 1258 1821 etiam
1276 1793 1370 1821 tribus
1382 1801 1425 1821 vae
1441 1793 1500 1821 dici
1515 1795 1611 1830 potest
1625 1801 1631 1820 :
1650 1794 1706 1826 Voe,
1721 1801 1771 1828 coe,
1787 1800 1838 1825 vae,

1055 1841 1244 1868 habitantibus
1260 1842 1288 1867 in
1307 1843 1387 1868 tenu.
1402 1841 1449 1868 Vae
1464 1847 1535 1876 ergo
1551 1839 1694 1876 gehennae
1709 1839 1841 1868 consistit

1057 1889 1086 1916 in
1101 1895 1258 1924 pomarum
1274 1886 1492 1923 magnitudine.
1510 1888 1548 1915 lle
1563 1887 1621 1915 hoc
1633 1895 1676 1914 vae
1689 1886 1795 1915 dicitur
1810 1886 1841 1914 in

1058 1936 1193 1962 Ezecln'eie
1209 1935 1226 1951 ¹¹
1250 1944 1257 1961 .·
1290 1935 1335 1962 1*oe
1363 1936 1473 1962 civitati
1497 1935 1671 1969 sanguinum,
1693 1933 1770 1968 cujus
1794 1941 1841 1968 eqo

1058 1983 1187 2018 grandem
1211 1984 1313 2016 faciam
1338 1990 1444 2016 pyrum.
1467 1981 1574 2009 Civitas
1599 1980 1778 2016 sanguinum
1799 1982 1842 2008 est

1059 2029 1195 2058 collectio
1217 2029 1391 2065 impiorum,
1417 2029 1502 2063 cujus
1517 2027 1638 2063 grandis
1653 2028 1706 2055 erit
1721 2035 1796 2063 pyra
1811 2027 1841 2054 in

1060 2076 1165 2112 grandi
1196 2075 1434 2104 concrematione
1457 2076 1678 2102 damnatorum.
1705 2075 1727 2102 Ο
1749 2081 1842 2110 quam

1062 2124 1151 2158 longe
1173 2124 1211 2151 ab
1236 2123 1290 2150 isto
1315 2131 1358 2150 vae
1383 2122 1488 2158 grandi
1512 2121 1725 2157 magnitudinis
1747 2128 1842 2157 poenoe

1060 2171 1113 2198 suit
1129 2170 1250 2206 grandis
1270 2169 1446 2205 magnitudo
1462 2169 1562 2204 gratim
1575 2171 1603 2196 ct
1617 2168 1719 2203 gloriae
1737 2167 1841 2202 Μαι-ιω,

1062 2217 1108 2245 cui
1124 2220 1228 2245 contra
1243 2216 1389 2252 grandem
1411 2215 1653 2244 damnandorum
1672 2222 1793 2251 poenam
1812 2214 1843 2241 in

1063 2264 1191 2299 inferno,
1207 2264 1294 2292 ctiam
1310 2265 1384 2291 Deus
1394 2264 1613 2299 praeparaverat
1623 2261 1768 2298 grandem
1780 2260 1843 2297 glo—

1063 2312 1138 2339 riam
1152 2312 1180 2339 in
1197 2310 1284 2346 cci‘lo,
1300 2313 1331 2337 ut
1345 2311 1419 2338 sicut
1431 2310 1485 2338 suit
1496 2309 1618 2345 grandis
1632 2309 1662 2337 in
1676 2308 1792 2342 merito,
1804 2308 1844 2335 ita

1064 2360 1155 2388 etiam
1172 2359 1294 2394 grandis
1309 2360 1383 2386 essct
1406 2360 1435 2386 in
1455 2357 1578 2394 praemio
1593 2358 1598 2383 l
1623 2355 1704 2384 Unde
1719 2355 1783 2390 ipsa
1804 2354 1842 2389 (d)

1063 2409 1106 2435 est
1120 2407 1228 2434 thonus
1244 2407 1293 2434 illc
1311 2405 1442 2441 grandis,
1458 2405 1494 2433 de
1515 2413 1576 2440 quo
1592 2403 1699 2431 dicitur
1713 2400 1733 2419 ¹¹
1747 2409 1753 2428 :
1770 2401 1843 2428 Fecit

1064 2455 1120 2482 ΒΜ
1137 2454 1263 2482 Salomon
1282 2454 1404 2481 thronum
1419 2452 1451 2480 de
1466 2453 1539 2480 ebore
1553 2450 1694 2486 mandem.
1710 2448 1844 2476 Thronus

1066 2548 1124 2571 xit,
1149 2544 1189 2569 ιι,
1212 2542 1246 2565 12.
1265 2554 1295 2558 —
1315 2543 1323 2551 ⁴·
1345 2540 1410 2564 Psul.
1435 2545 1530 2567 cxxxi,
1551 2539 1573 2561 S.
1595 2550 1625 2555 —
1646 2537 1666 2553 ¹⁰
1681 2536 1798 2565 August,
1814 2535 1844 2558 de

1066 2580 1193 2608 Assumpl.
1208 2578 1284 2605 Μιιικ,
1300 2576 1343 2600 lib.
1360 2577 1438 2606 uuic.‚
1455 2583 1476 2600 c.
1494 2581 1528 2599 vi.
1546 2587 1571 2592 ——
1592 2574 1606 2587 ¹¹
1620 2572 1720 2602 Ezecti„
1734 2577 1806 2602 xxiv,
1819 2572 1842 2595 9.

1066 2627 1096 2632 —
1112 2614 1129 2630 ¹²
1144 2614 1175 2637 ΙΙΙ
1195 2613 1263 2644 Κεφ,
1279 2619 1303 2643 x,
1323 2614 1358 2636 is.

1099 2660 1131 2688 (α)
1149 2658 1224 2687 Vutg.
1244 2665 1344 2682 eramus
1362 2659 1461 2681 natura.
1478 2668 1503 2673 —
1521 2655 1552 2685 (b)
1567 2654 1608 2679 Al.
1623 2653 1800 2678 sanctificaret.
1814 2664 1844 2671 ·-

1069 2696 1098 2725 (cn
1115 2694 1155 2719 ΑΙ.
1169 2694 1316 2719 custodiret.
1332 2707 1361 2712 —
1378 2692 1411 2723 (d)
1428 2692 1488 2717 Caei.
1503 2691 1564 2716 edit.
1579 2691 1643 2723 ipse.
