2029 3052
197 186 257 217 106

195 260 266 282 cum
275 251 368 282 catuli
380 251 427 281 sui
437 251 470 281 in
483 251 651 289 quamdam
662 251 782 280 foveam
793 250 979 286 cecidissent,

195 301 234 329 de
248 307 310 338 qua
321 300 402 329 exire
417 307 479 329 non
499 301 648 337 poterant,
663 298 717 328 sed
732 298 859 335 quidam
872 298 978 335 homo,

195 355 267 376 casu
288 346 331 376 ibi
350 347 505 383 transiens,
523 346 593 376 illos
609 345 792 382 liberaverit,
817 345 978 375 dilectione

194 395 248 424 illa
255 396 419 432 comperta,
427 396 456 423 et
464 393 612 423 beneficio
623 401 685 422 non
695 393 821 429 ingrata,
829 393 873 422 illi
882 401 977 430 quan-

195 444 260 471 tum
272 442 370 480 potuit
385 441 547 476 arridebat,
569 442 599 470 et
618 440 686 469 laeta
704 440 802 470 cauda
815 442 913 477 grates
930 449 977 470 re-

194 489 318 525 ferebat,
334 488 375 518 ita
389 488 474 525 quod
488 495 542 525 per
555 490 651 516 totum
670 487 822 517 desertum
845 488 977 518 associa-

194 536 248 572 vit,
276 538 306 565 et
322 544 342 565 a
360 535 429 564 seris
452 535 596 570 defendit,
615 536 645 564 et
665 535 746 564 viam
774 535 818 564 illi
837 535 975 564 ostendit.

195 586 271 621 Ergo
283 591 344 612 non
359 582 529 612 amabimus
543 581 680 619 gratiam,
695 583 757 612 imo
771 583 872 619 gratiae
887 583 979 620 largi-

194 634 300 666 torem,
321 630 407 666 quus
423 629 520 666 gratia
539 637 558 658 a
577 629 673 667 culpis
694 637 870 667 purgamur,
891 633 919 659 et
937 631 978 659 ad

194 679 277 708 bona
291 677 394 707 omnia
407 677 603 712 illustramur,
623 678 652 706 et
671 685 689 706 a
710 677 799 706 malis
818 685 977 715 poenarum

195 726 332 756 omnium
343 725 507 754 liberamur
514 725 528 753 ‘3

230 774 352 808 Quarto,
365 772 470 801 divina
483 772 578 808 gratia
597 780 652 800 nos
666 772 698 801 in
712 772 792 801 bono
808 772 978 809 confirmat,

195 821 269 850 dum
284 829 340 850 nos
352 819 490 857 perducit
504 819 543 848 ad
556 819 764 848 excellentiam
778 820 889 856 gloriae,
900 823 928 849 et
938 821 978 850 ad

194 868 298 898 lumen
312 867 452 896 claritatis
470 869 594 896 oeternae.
612 868 635 896 Ο
652 867 776 904 quando
791 867 849 896 hoc
864 868 929 903 erit,
945 870 978 896 ut

194 916 274 945 beati
294 915 439 944 intremus
453 914 492 943 ad
508 922 648 951 regnum,
668 914 721 943 ubi
738 922 857 943 summa
876 915 928 944 lux
946 915 976 944 in

193 965 292 1002 seipso
307 963 444 999 videtur3
461 963 511 992 ubi
528 971 598 991 vere
612 971 765 992 summum
780 963 896 992 bonum
915 965 976 992 toto

195 1011 286 1040 corde
301 1014 428 1046 amatur,
444 1013 570 1044 tenetur,
585 1012 613 1038 et
625 1010 779 1046 stringitur
785 1020 794 1046 ;
819 1011 870 1039 ubi
889 1019 976 1039 man-

195 1059 321 1088 ducatur
345 1058 495 1095 quidquid
521 1057 718 1093 desideratur,
742 1060 774 1086 ut
798 1058 872 1086 nihil
894 1058 977 1087 aliud

193 1108 369 1144 appetatur;
385 1105 437 1134 ubi
457 1107 499 1134 est
521 1105 596 1133 visio
618 1105 793 1140 clarissima,
809 1105 976 1141 degustatio

193 1154 374 1188 dulcissima,
399 1161 458 1190 pax
482 1152 680 1185 securissima,
707 1152 826 1188 requies
850 1152 976 1189 opulen-

192 1201 316 1236 tissima,
332 1202 360 1230 et
374 1200 487 1236 absque
503 1199 584 1228 omni
607 1199 688 1227 malo
705 1199 805 1228 loetitia
823 1200 978 1237 sempiter-

191 1250 254 1277 na?
269 1247 351 1276 Unde
364 1247 438 1276 nihil
457 1249 501 1275 est
521 1247 646 1275 omnino
661 1246 744 1275 aliud
759 1247 866 1282 gloria,
883 1255 976 1284 quam

191 1296 283 1332 gratia
307 1296 525 1329 consummata,
555 1296 583 1322 et
609 1294 638 1322 in
662 1302 716 1322 suo
742 1302 862 1322 summo
892 1294 975 1322 hono

192 1343 361 1377 constituta,
376 1344 407 1370 ut
421 1349 551 1370 creseere
564 1349 624 1369 non
638 1341 738 1378 possit.
755 1341 837 1370 Unde
853 1343 882 1369 et
898 1345 976 1379 Apo-

191 1390 284 1419 stolus
298 1389 437 1418 dicebat¹
457 1398 463 1416 :
483 1399 496 1415 u
511 1388 662 1424 Stipendia
682 1389 794 1425 peccati
818 1397 899 1417 mors
914 1391 974 1423 est;

192 1438 287 1474 gratia
301 1439 399 1466 autem
426 1437 473 1465 Dei
498 1437 559 1465 vita
579 1439 698 1465 oeterna.
715 1448 728 1463 n
749 1438 791 1465 Ad
806 1438 884 1466 hanc
908 1446 977 1474 per-

193 1485 282 1513 ducat
294 1493 349 1512 nos
361 1484 492 1512 Christus
505 1484 612 1512 summi
630 1485 715 1520 Regis
727 1484 826 1519 Filius,
842 1485 894 1521 qui
908 1493 976 1513 cum

194 1534 287 1567 Patre,
302 1534 330 1560 et
344 1531 453 1568 Spiritu
468 1534 582 1566 sancto,
598 1531 669 1559 vivit
682 1539 736 1568 per
750 1531 865 1560 infinita
883 1540 977 1560 soecu—

193 1579 291 1608 lorum
307 1578 424 1607 saecula.
440 1581 543 1607 Amen.

229 1628 303 1655 Bene
319 1634 390 1661 ergo
406 1625 519 1653 dictum
535 1627 578 1653 est
594 1634 600 1653 :
622 1626 733 1660 Diffusa
748 1628 787 1653 est
801 1627 904 1661 qratia,
921 1629 974 1654 etc.

194 1675 224 1702 ln
240 1681 301 1710 quo
317 1675 359 1701 est
375 1672 585 1701 commendata
600 1673 771 1709 eloquentia
786 1673 930 1708 virtuosa,
947 1675 976 1701 in

193 1729 253 1757 qua
267 1720 382 1749 refulsit
397 1721 426 1748 in
442 1721 557 1748 merito.
581 1720 719 1756 Sequitur
736 1729 742 1747 ;
767 1721 913 1756 Propterea
933 1721 977 1748 he-

193 1768 266 1796 dtoeit
284 1771 309 1796 te
327 1769 395 1795 neus
412 1769 440 1795 ιίι
456 1771 585 1795 :eternum
602 1777 610 1795 ε
627 1767 656 1795 in
673 1775 734 1804 quo
750 1769 869 1796 notatur
883 1767 977 1795 excel-

193 1815 283 1843 lentia
306 1814 447 1851 gloriosa,
467 1823 534 1851 qnae
550 1822 629 1843 nune
644 1814 781 1851 splendet
796 1815 824 1842 in
841 1815 974 1851 praemio.

193 1863 318 1898 Dignum
333 1862 412 1890 enim
427 1864 480 1894 est,
496 1864 524 1890 et
538 1862 644 1890 rationi
660 1870 840 1897 consonum,
862 1864 893 1890 ut
908 1870 975 1898 quae

193 1909 322 1945 gloriose
339 1909 412 1937 vixit
427 1909 456 1936 in
473 1909 531 1944 via,
548 1909 677 1943 gloriose
701 1912 803 1944 regnet
818 1909 847 1937 in
863 1909 975 1945 patria;

194 1959 221 1984 et
236 1965 301 1992 quoe
314 1956 343 1984 in
359 1956 418 1984 vita
434 1965 487 1992 per
501 1956 626 1991 gratiam
648 1956 723 1984 lacta
744 1959 786 1984 est
801 1957 926 1990 munda,
942 1956 977 1984 sit

194 2012 311 2040 semper
341 2004 370 2031 in
396 2004 492 2040 patria
515 2004 682 2032 benedicta.
717 2004 797 2032 Unde
821 2004 974 2032 dicitur':

197 2064 209 2077 (t
221 2052 274 2086 Qui
287 2051 382 2087 diligit
397 2051 495 2079 cordis
511 2051 699 2085 munditiam,
714 2054 835 2088 propter
851 2053 976 2087 gratiam

195 2099 344 2127 labiorum
369 2098 493 2126 habebit
520 2099 651 2126 amicum
676 2100 784 2134 Regem
815 2109 826 2124 n
852 2108 976 2127 summm

195 2146 296 2182 gloriae
314 2155 320 2174 :
340 2154 401 2173 non
417 2154 515 2180 regem
532 2146 633 2182 ulique
645 2146 909 2183 qualemcumque,
924 2146 976 2174 sed

197 2196 306 2229 Regem
322 2193 548 2228 benevolentiae,
565 2196 593 2221 et
609 2195 716 2229 Regem
733 2194 871 2221 universa
885 2193 978 2221 scien-

196 2243 266 2274 tem,
278 2243 306 2268 et
321 2242 428 2275 Regem
445 2241 690 2276 omnipotentem,
708 2244 733 2268 et
750 2242 857 2275 Regem
876 2241 978 2268 omnia

197 2288 415 2324 disponentem.
434 2289 553 2323 Propter
569 2288 652 2323 quod
668 2288 735 2315 huic
749 2288 857 2323 Virgini
871 2290 978 2315 sanctae

197 2335 304 2363 dicitur
321 2344 326 2362 :
346 2336 491 2370 Propterea
508 2335 647 2362 benedirit
665 2339 690 2361 te
706 2337 772 2362 Deus
792 2338 819 2362 in
838 2339 976 2363 ‹rternum.

198 2382 359 2414 Benedixit‚
383 2382 518 2418 inquam,
543 2390 603 2409 non
629 2382 836 2410 benedictione
865 2385 978 2410 tantum

198 2430 366 2466 temporali,
391 2429 428 2457 de
451 2437 511 2466 qua
532 2429 639 2457 dicitur
654 2431 663 2445 ³
681 2439 686 2456 z
707 2441 719 2455 (ι
737 2431 806 2457 Eece
830 2431 906 2458 odor
926 2431 978 2458 tilii

198 2477 266 2511 mei,
283 2477 356 2505 sicut
371 2477 447 2505 odor
459 2477 623 2513 agripleni,
636 2477 682 2504 cui
695 2477 847 2505 benedixit
859 2479 948 2507 Deus:
963 2489 976 2503 υ

198 2531 252 2552 nec
283 2526 396 2551 tantum
425 2523 631 2552 benedictione
665 2524 820 2560 spirituali,
853 2525 889 2552 de
919 2533 979 2560 qua

233 2599 239 2615 ¹
261 2599 338 2627 Rom..
364 2605 402 2628 vi,
427 2601 465 2623 23.
492 2612 520 2617 —
544 2600 551 2614 2
577 2600 660 2629 Proin,
685 2605 753 2629 xxii,
773 2601 808 2623 lt.
831 2613 860 2617 —
880 2601 890 2615 ³
908 2600 980 2630 σωκ,

200 2640 286 2664 xxvii,
308 2636 347 2659 27.
367 2648 397 2653 --
421 2636 428 2648 ⁴
447 2636 520 2666 Gen.‚
541 2641 608 2666 xxti,
630 2637 667 2659 18.
684 2649 711 2653 -
728 2636 738 2652 ὓ
752 2636 837 2661 Helm..
855 2643 895 2666 vi,
911 2638 934 2660 7.
951 2649 980 2654 —

201 2674 209 2684 ¹¹
233 2670 300 2695 l'sal.
327 2677 434 2702 mxxiv,
458 2675 481 2697 2.
506 2685 536 2690 —
562 2673 568 2686 ⁷
594 2673 601 2696 l
627 2673 697 2703 Κεφ,
722 2677 789 2702 xxv,
816 2674 860 2703 32,
885 2674 924 2697 33.
953 2686 978 2690 -

546 182 757 217 SERMONES
779 182 830 216 DE
850 181 1018 216 SANGTts
1039 181 1084 216 nt
1092 182 1296 217 connum.
1318 182 1467 216 xxxvii.

1033 251 1185 281 Abraham
1198 251 1313 281 dicmm
1331 252 1419 281 estt:
1438 261 1452 278 ι
1466 253 1498 281 Ιιι
1513 251 1628 281 semine
1650 252 1708 282 tuo.
1722 252 1816 282 bene-

1034 298 1172 328 dicentur
1185 307 1292 329 omnee
1304 299 1400 329 tribus
1414 301 1515 335 terren
1529 310 1544 326 ι
1559 298 1614 328 sed
1623 299 1714 329 ettam
1721 299 1816 330 bene-

1033 346 1164 376 dictione
1173 346 1389 384 sempiternali,
1403 346 1442 375 de
1457 354 1519 383 qua
1532 345 1640 375 dicitur
1653 347 1665 364 ⁸
1678 355 1687 376 ε
1699 356 1715 374 ι
1727 347 1817 377 Terra

1033 402 1112 432 saepe
1139 393 1400 431 supervenientem
1422 393 1552 422 imbrem
1575 393 1695 429 bibens,
1723 403 1738 421 ο
1757 393 1817 424 hoe

1034 443 1079 470 est
1089 441 1121 470 in
1134 440 1184 470 via
1194 448 1249 478 per
1261 440 1465 478 lacrymarum
1487 440 1625 477 gratiam,
1647 451 1662 467 ι
1681 442 1710 470 et
1727 449 1817 477 gene-

1032 496 1104 517 rans
1118 487 1156 524 (α)
1169 487 1297 517 herbam
1309 497 1323 514 ι
1339 487 1454 516 bonam
1472 487 1681 524 operationum
1700 490 1817 518 saneta·

1033 543 1114 570 rum,
1129 545 1143 562 α
1156 534 1227 570 illis,
1239 542 1259 563 a
1271 534 1382 572 quibus
1399 534 1518 571 colitur,
1530 535 1639 572 accipit
1651 543 1670 564 a
1684 537 1744 565 Deo
1763 535 1816 565 be-

1033 581 1248 618 nedictionem,
1275 592 1290 608 n
1313 581 1422 619 supple
1444 582 1476 611 in
1491 582 1600 619 patria,
1615 590 1671 620 per
1689 582 1816 620 gratiam

1034 631 1283 658 consummatam.
1297 630 1382 658 Terra
1391 629 1471 658 enim
1486 629 1552 665 ista,
1567 629 1630 658 hiec
1643 631 1747 659 sancta
1756 630 1818 660 Vir-

1033 685 1073 713 go
1085 676 1150 711 luit,
1167 684 1235 713 quoe
1249 675 1357 705 dicitur
1370 679 1456 712 terra,
1469 677 1541 714 quia
1554 676 1620 712 fuit,
1634 676 1675 706 ad
1689 677 1817 706 modum

1033 727 1129 759 terrae,
1153 723 1258 752 infima
1278 731 1332 760 per
1350 723 1559 759 humilitatem,
1582 723 1636 752 tuit
1657 724 1720 753 sole
1747 724 1817 753 iltu-

1033 773 1124 800 strata
1141 771 1312 808 perfidem,
1331 770 1387 800 l'uit
1402 771 1475 800 solis
1494 771 1603 800 ardore
1621 774 1742 801 excocta
1761 779 1817 809 per

1033 820 1219 854 charitatem,
1238 819 1293 848 fuit
1311 819 1396 848 arida
1419 827 1475 857 per
1499 820 1672 855 castitatem,
1692 820 1747 849 tuit
1765 819 1816 849 soe-

1033 867 1134 896 cunda
1147 875 1201 904 per
1215 867 1398 904 operationis
1416 867 1630 902 strenuitatem,
1654 866 1709 896 tuit
1728 867 1816 896 firma

1033 923 1088 952 per
1110 914 1259 952 patientiae
1277 914 1457 943 firmitatem.
1479 915 1511 943 Et
1531 914 1601 944 ideo
1615 915 1712 951 potest
1727 914 1765 943 de
1780 922 1816 943 ea

1032 962 1109 991 illud
1123 962 1218 999 accipi
1234 961 1428 991 Psalmistae‘:
1444 972 1458 989 ι
1473 961 1662 997 Benedixieti,
1680 961 1814 997 Domine,

1032 1012 1141 1038 terram
1156 1012 1250 1038 tuam.
1263 1019 1277 1036 ι
1290 1009 1372 1038 Unde
1387 1008 1449 1037 haec
1462 1008 1515 1038 ruit
1526 1009 1656 1045 Abigaih
1665 1009 1713 1038 cui
1723 1009 1817 1039 bene-

1034 1057 1107 1086 dixit
1122 1057 1214 1086 David
1229 1058 1239 1075 ⁷
1255 1066 1261 1085 :
1276 1067 1290 1083 «ι
1304 1056 1497 1086 Benedictum
1508 1056 1663 1093 eloquium
1675 1057 1759 1084 tuum
1776 1065 1783 1084 :
1798 1067 1810 1082 ι

1033 1105 1090 1133 hoc
1115 1107 1261 1141 quantum
1283 1104 1322 1132 ad
1342 1103 1583 1133 benedictionem
1601 1103 1673 1138 viae;
1689 1113 1703 1130 ι
1717 1105 1746 1131 et
1766 1103 1817 1131 be-

1033 1151 1152 1180 nedicta
1166 1154 1197 1180 tu
1213 1161 1220 1179 :
1237 1161 1251 1177 n
1268 1151 1326 1180 hoc
1346 1152 1492 1188 quantum
1513 1150 1552 1179 ad
1574 1150 1814 1179 benedictionem

1032 1198 1144 1235 gloriae.
1161 1199 1242 1227 Unde
1257 1198 1319 1227 hoee
1333 1198 1387 1227 l'uit
1397 1197 1554 1226 illatudith
1563 1197 1817 1232 sancta‚cuidici-

1033 1248 1116 1274 tui-⁸:
1131 1257 1145 1272 α
1162 1246 1314 1275 Benedixit
1329 1249 1355 1274 te
1373 1245 1513 1274 Dominus
1524 1245 1553 1273 in
1565 1245 1671 1273 virtute
1683 1252 1748 1279 sua,
1763 1245 1815 1281 qui

1033 1296 1125 1330 perte
1141 1293 1180 1322 ad
1198 1293 1325 1322 nihilum
1349 1292 1463 1328 redegit
1483 1292 1621 1320 inimicos
1641 1294 1770 1326 nostros,
1785 1294 1817 1320 ut

1033 1350 1094 1370 non
1114 1342 1233 1370 deficiat
1251 1342 1316 1370 laus
1336 1344 1386 1370 tua
1405 1341 1435 1369 in
1453 1349 1504 1370 ore
1524 1341 1691 1369 hominum.
1710 1351 1724 1368 n
1741 1341 1816 1369 Lau-

1033 1389 1140 1418 demus
1161 1397 1234 1425 ergo
1252 1397 1329 1423 eam,
1353 1391 1384 1416 ut
1410 1388 1475 1425 ipsa
1495 1387 1617 1416 laudata
1631 1388 1747 1416 assistat
1761 1395 1816 1424 pro

1033 1437 1122 1465 nobis
1135 1436 1217 1473 apud
1232 1436 1366 1464 divinam
1381 1436 1582 1470 clementiam,
1601 1435 1731 1464 reddens
1750 1443 1817 1464 eam

1033 1484 1121 1512 nobis
1132 1483 1291 1520 placatam,
1303 1483 1465 1519 adjuvante
1480 1491 1535 1511 nos
1550 1485 1578 1511 et
1595 1491 1662 1511 eum
1679 1491 1715 1511 ea
1730 1484 1818 1512 Matre

1035 1531 1082 1559 Dei
1099 1531 1293 1565 sanctissima,
1307 1539 1373 1566 quoe
1389 1530 1525 1559 omnium
1540 1530 1693 1566 virginum
1710 1532 1751 1558 est
1766 1531 1818 1558 Re·

1033 1579 1113 1614 gina,
1130 1578 1191 1606 imo
1211 1578 1300 1606 etiam
1322 1578 1410 1606 totius
1435 1577 1539 1605 mundi
1563 1578 1687 1605 Dounina
1705 1586 1710 1604 :
1732 1577 1817 1612 cujus

1033 1625 1212 1662 supplicatio
1226 1626 1275 1662 pia
1290 1633 1351 1654 non
1367 1627 1462 1661 potest
1474 1624 1556 1661 apud
1579 1625 1737 1652 Dominum
1754 1631 1817 1652 esse

1033 1681 1126 1701 cassa.
1141 1676 1244 1701 Amen.

1069 1773 1118 1809 DE
1143 1773 1177 1812 B.
1205 1772 1432 1813 SEMPERQUE
1457 1772 1612 1808 leGlNE
1637 1771 1777 1809 MAmA.

1259 1851 1389 1881 SERMO
1415 1850 1558 1880 PRIMUS
1569 1849 1591 1879 ⁹.

1068 1914 1178 1948 Suspice
1187 1913 1289 1946 artum,
1300 1916 1324 1939 et
1339 1920 1449 1939 numera
1459 1912 1562 1945 stellas,
1572 1912 1681 1946 su'potes
1691 1910 1721 1945 ¹⁰,
1735 1920 1748 1935 n
1761 1912 1814 1938 etc.

1034 1960 1121 1995 Virgo
1137 1959 1234 1995 regia,
1251 1967 1285 1987 ex
1308 1958 1558 1994 davidica‘stirpe
1575 1960 1654 1990 nata,
1671 1965 1688 1985 a
1704 1958 1762 1985 Deo
1777 1956 1816 1985 ab

1033 2010 1141 2035 wien-uo
1157 2006 1380 2043 prcedestinnta,
1400 2008 1427 2033 et
1449 2004 1588 2033 creaturis
1609 2004 1721 2031 czeteris
1741 2012 1816 2040 proe-

1033 2054 1142 2088 electa,
1168 2062 1185 2081 a
1209 2053 1381 2081 l'alriarchis
1409 2052 1610 2088 przetlgurata,
1625 2059 1643 2079 a
1666 2051 1817 2087 Prophetis

1033 2095 1238 2137 prr'enuntiata,
1253 2100 1291 2127 ab
1308 2099 1419 2135 Angrlo
1430 2098 1567 2132 salutata,
1582 2100 1610 2125 et
1620 2097 1658 2125 ab
1670 2097 1816 2134 Apostolis

1035 2148 1203 2185 praedicata,
1221 2147 1302 2176 omni
1324 2146 1413 2174 laude
1434 2145 1624 2181 dignissima,
1639 2144 1706 2181 plus
1725 2153 1816 2182 quam

1033 2196 1130 2224 valeat
1145 2195 1202 2223 dici
1219 2194 1279 2222 ulla
1293 2194 1409 2229 lingua,
1431 2194 1470 2220 ita
1487 2195 1517 2220 ut
1533 2201 1636 2224 omne,
1653 2192 1736 2228 quod
1758 2192 1816 2220 dici

1034 2245 1149 2279 poterat
1164 2243 1201 2270 de
1225 2249 1271 2275 ea,
1293 2249 1359 2277 quae
1380 2241 1427 2268 Dei
1449 2242 1536 2268 Mater
1558 2242 1599 2268 est
1615 2240 1701 2274 sacta,
1718 2240 1816 2268 minus

1034 2290 1071 2317 sit
1090 2298 1216 2326 semper.
1240 2288 1319 2316 t'ude
1340 2287 1378 2315 ad
1398 2287 1490 2323 ipsius
1513 2287 1716 2315 excellentiam
1739 2287 1818 2315 desi·

1036 2336 1206 2371 gnandam,
1238 2335 1376 2372 quumvis
1397 2334 1537 2362 deficiant
1565 2336 1677 2361 cunctte
1698 2333 1816 2367 figur-m,

1034 2385 1147 2411 cunctoe
1161 2383 1326 2418 scriptume,
1348 2384 1376 2409 et
1396 2384 1508 2409 eunoun
1525 2382 1634 2417 pariter
1657 2382 1814 2414 creaturm;

1035 2430 1144 2458 coelum
1160 2432 1273 2462 tamen,
1290 2437 1358 2457 eum
1381 2429 1416 2457 sit
1432 2429 1488 2456 situ
1510 2428 1700 2461 altissimum,
1723 2427 1817 2463 quali-

1036 2482 1092 2506 tate
1114 2477 1340 2514 prirsulgidum,
1364 2480 1469 2505 natura
1491 2475 1698 2512 purissimum,
1721 2475 1817 2511 figura

1035 2525 1213 2558 rotundum,
1235 2527 1263 2552 et
1291 2524 1444 2552 influentia
1468 2522 1702 2560 permaximum,
1725 2522 1817 2558 ipsius

1037 2597 1045 2609 ⁸
1058 2593 1158 2622 Jizrll‘th,
1177 2600 1235 2624 xiii,
1257 2594 1294 2617 22.
1311 2606 1341 2611 —
1353 2594 1362 2604 ‘⁸
1375 2593 1447 2617 lluuc
1463 2593 1488 2615 et
1502 2597 1546 2614 sex
1562 2597 1664 2622 quoque
1680 2593 1817 2622 sequentes

1037 2631 1114 2655 habet
1128 2630 1215 2655 Codex
1233 2629 1310 2654 Assis.
1327 2636 1386 2653 saec.
1404 2633 1462 2652 xlll.
1479 2640 1507 2645 —
1525 2628 1543 2644 ¹⁰
1559 2627 1630 2657 Gen.‚
1649 2632 1691 2658 xv,
1707 2629 1730 2651 5.

1068 2674 1101 2705 ((ι)
1119 2673 1181 2698 Caee.
1197 2672 1257 2697 czIt't.
1277 2673 1392 2703 generat.
