2029 3052
118 1647 179 1691 Vlil.

201 210 262 241 408

201 278 269 308 tam
292 276 327 307 in
350 275 490 316 clericis,
505 284 603 316 quam
625 275 660 306 in
681 273 858 313 monachis,
873 272 980 313 magis

203 332 272 362 erat
292 339 375 371 opus
395 330 538 361 dandum
558 329 643 360 circa
670 327 836 370 spirituale
856 327 978 358 exerci-

202 384 304 423 tium;
328 385 359 415 et
377 383 454 415 hinc
473 384 520 415 est
549 381 635 423 quod
657 381 808 413 monachi
836 381 980 412 laborem

203 437 388 469 manualem
402 437 469 468 sive
487 435 683 477 corporalem
705 435 786 467 bene
805 437 836 466 et
851 437 936 466 recte
947 435 980 466 in

203 491 403 533 spiritualem
426 490 687 522 exercitationem
708 491 740 520 et
766 488 979 530 psalmodiam

203 546 496 578 commutaverunt.
511 543 550 576 Et
564 544 640 585 quia
656 543 795 576 ecclesiae
811 544 882 584 ,iam
901 543 980 575 dita-

203 602 246 632 tae
259 599 366 639 magis
379 599 569 639 indigebant
581 598 801 640 spiritualibus
811 597 977 639 operariis,

204 663 304 695 quam
334 653 528 685 vinitoribus
563 654 595 685 et
629 652 780 693 agricolis
796 662 805 691 3
834 651 910 683 hinc
936 652 983 682 est

204 708 291 749 quod
302 707 439 749 Spiritus
449 709 577 739 sanctus
591 707 764 747 religiones
770 705 984 747 pauperculas

205 762 389 802 suscitavit,
407 762 551 803 'quarum
570 761 748 793 sollicitudo
769 762 802 792 et
820 769 898 791 cura
920 761 984 791 tota

206 818 288 849 esset
308 817 347 849 ad
371 817 549 857 signandos
569 825 679 848 servos
700 815 757 846 Dei
780 814 813 846 in
826 814 985 846 frontibus

206 880 320 903 eorum
335 871 430 911 signo
445 870 500 902 Dei
514 870 593 909 vivi,
609 869 755 902 vocando
769 869 809 900 ad
824 868 985 910 poeniten-

206 925 295 965 tiam,
320 926 350 956 et
373 925 413 956 ad
436 924 574 964 gratiam
602 923 740 964 Spiritus
759 922 870 954 sancti.
897 921 986 954 Unde

207 980 354 1019 utraeque
368 987 387 1010 a
401 987 460 1009 sua
479 977 632 1019 primaria
651 976 852 1008 institutione
865 976 987 1008 habent

209 1033 351 1066 officium
364 1032 569 1074 praedicandi,
586 1033 617 1063 et
634 1031 705 1062 ideo
719 1040 793 1062 cum
810 1030 888 1062 tales
904 1031 987 1062 circa

209 1096 306 1128 opera
322 1086 500 1127 spiritualia
525 1085 589 1116 sint
609 1085 735 1124 intenti,
761 1086 891 1125 propter
914 1093 988 1125 quae

210 1141 264 1173 alii
287 1141 327 1172 ab
346 1140 415 1172 aliis
431 1141 595 1171 merentur
617 1138 808 1176 sustentari,
833 1147 891 1170 nec
914 1140 990 1169 sunt

210 1195 316 1233 otiosi,
337 1203 395 1225 nec
415 1193 531 1225 curiosi
549 1193 592 1224 sic
607 1192 756 1231 vivendo,
773 1201 831 1223 nec
853 1192 886 1222 in
901 1192 988 1232 peri·

211 1249 294 1287 culo,
310 1257 385 1280 cum
401 1248 557 1279 Dominus
569 1256 623 1278 eos
637 1247 760 1288 paverit
770 1255 873 1287 usque
881 1245 988 1284 modo,

212 1313 270 1335 nec
290 1303 410 1334 habent
433 1302 494 1334 hoc
513 1311 554 1333 ex
576 1303 663 1340 voto,
681 1301 752 1332 ideo
771 1309 830 1332 nec
844 1300 916 1341 ipsi,
933 1309 991 1331 nec

212 1366 325 1389 omnes
340 1365 493 1397 pauperes
511 1355 697 1394 voluntarii,
715 1355 788 1386 licet
801 1354 865 1385 sint
881 1353 990 1392 validi,

212 1413 287 1443 sunt
303 1410 342 1442 ad
357 1420 438 1451 opus
451 1409 614 1450 corporale
628 1409 759 1446 astricti,
775 1409 850 1449 quia
865 1417 924 1439 nec
937 1417 991 1439 ra-

213 1466 300 1497 tione
315 1464 448 1505 periculi
462 1488 470 1503 ,
487 1473 545 1495 nec
558 1463 681 1494 ratione
701 1463 850 1503 praecepti
865 1465 991 1502 aposto-

213 1518 277 1557 lici,
308 1527 367 1549 nec
386 1518 507 1549 ratione
530 1518 596 1549 voti
625 1517 750 1556 emissi,
768 1518 805 1548 ut
829 1516 994 1548 manifeste

215 1572 315 1613 liquet
332 1581 372 1603 ex
392 1571 577 1612 praemissis.

257 1626 306 1658 Ad
322 1626 399 1658 illud
415 1625 499 1666 quod
521 1625 671 1666 objicitur
691 1626 730 1657 de
746 1625 826 1656 libro
846 1625 883 1657 (lc
903 1633 995 1666 opere

218 1680 455 1719 Monachorum,
468 1680 637 1711 dicendum
653 1679 737 1720 quod
753 1680 863 1710 beatus
878 1679 994 1719 Augu—

217 1735 320 1767 stinus
344 1735 377 1765 in
392 1734 472 1765 libro
488 1734 541 1765 illo
561 1739 626 1764 non
640 1733 679 1764 ad
694 1734 753 1764 hos
772 1733 925 1773 loquitur,
941 1734 996 1765 sed

217 1789 257 1820 ad
274 1788 405 1829 primos,
424 1788 479 1829 qui
494 1797 591 1828 opera
605 1787 792 1828 corporalia,
808 1797 880 1828 quse
897 1788 994 1818 habe-

218 1844 294 1874 bant
309 1852 349 1874 ex
364 1843 569 1883 professione,
593 1842 652 1873 sub
674 1844 833 1882 praetextu
849 1842 997 1882 spiritua-

218 1896 314 1927 litatis
332 1896 590 1934 contemnebant,
614 1896 691 1936 quia
711 1905 769 1926 nec
788 1898 918 1936 propter
931 1896 995 1936 spi-

218 1950 345 1980 ritualia
370 1950 526 1981 debebant
554 1950 700 1981 omittere
724 1950 910 1990 corporalia,
940 1959 998 1981 nec

219 2003 315 2034 etiam
330 2013 347 2034 e
361 2012 529 2035 converso.
551 2003 638 2034 Unde
655 2004 847 2042 Rerum-dus,
865 2004 904 2035 ad
921 2004 997 2036 tales

218 2057 354 2097 loquens
374 2057 406 2087 in
433 2057 602 2097 Apologia,
618 2057 685 2088 ait¹
708 2069 714 2088 :
736 2070 749 2087 «
763 2057 833 2088 Jam
859 2067 934 2089 vero
960 2059 998 2090 de

219 2110 327 2141 labore
351 2120 508 2142 manuum
537 2111 615 2151 qnid
642 2111 838 2150 gloriamini,
870 2122 943 2143 cum
968 2116 999 2144 et

221 2165 344 2196 Martha
364 2166 511 2197 laborans
537 2167 708 2207 increpata,
734 2169 765 2197 ct
787 2167 886 2198 Maria
908 2169 998 2208 quie-

221 2229 311 2250 scens
335 2220 461 2251 laudata
479 2220 530 2258 sit,
554 2222 584 2251 ct
601 2220 719 2251 Paulus
733 2224 840 2261 aperte
864 2222 945 2253 dicat
960 2224 970 2239 ²
989 2234 995 2253 :

221 2275 323 2307 Labor
350 2276 522 2314 corporalis
550 2275 594 2307 ad
622 2275 783 2308 modicum
812 2276 904 2308 ulilae's
930 2281 998 2313 est,

220 2330 326 2368 pietas
342 2334 449 2362 (tutem
467 2329 510 2361 act
526 2331 659 2362 omnia?
674 2330 819 2370 Optimus
837 2331 937 2369 labor,
962 2331 1001 2362 de

222 2393 287 2423 quo
303 2383 459 2424 Propheta
483 2384 606 2414 dicebat
620 2385 630 2401 ³
648 2395 655 2415 ε
672 2384 833 2416 Laborem
854 2385 887 2416 1η
904 2385 1001 2424 qemi-

223 2441 258 2469 τιι
273 2446 360 2477 me0‚·
381 2440 411 2468 et
428 2438 466 2469 de
485 2448 549 2478 quo
573 2438 647 2469 alibi
664 2439 673 2455 ⁴
692 2450 697 2470 z
715 2440 832 2471 Momm·
852 2440 905 2478 [1ιί
928 2440 999 2477 Dei,

224 2495 252 2524 et
268 2492 439 2525 delectatas
451 2500 533 2531 sum,
550 2496 578 2525 cc
593 2494 790 2525 effrenatus
809 2502 889 2524 sum.
907 2494 947 2524 At
961 2504 1001 2525 ne

224 2546 385 2585 corporale
411 2547 569 2586 intelligas
592 2546 777 2577 exercitium
796 2556 803 2577 :
821 2547 862 2579 Ec
884 2547 1001 2586 defecit

256 2646 263 2661 ¹
282 2646 368 2675 Horti„
384 2645 479 2677 Apoloss
494 2664 499 2674 ,
516 2653 538 2669 c.
555 2652 589 2675 Vl,
605 2652 629 2669 u.
649 2647 685 2669 12.
699 2658 728 2662 —·
741 2647 750 2661 ⁴2
767 2647 771 2669 1
794 2646 865 2677 ΠΜ.)
883 2653 915 2676 μ’,
934 2649 956 2670 8.
973 2660 1003 2665 ..-

225 2681 235 2695 ³
251 2681 317 2704 Pras.
335 2686 370 2706 w„
385 2682 406 2703 7.
422 2694 450 2698 »-
465 2681 473 2697 1
490 2681 738 2707 [¹s11l.1,xw».s.—
751 2682 761 2697 Γ»
777 2683 862 2707 svnt,
879 2683 920 2706 11111
935 2691 1001 2713 sup„

226 2725 246 2741 c.
264 2723 308 2747 ill,
324 2724 349 2740 n.
372 2719 407 2740 13.

751 206 803 238 DE
824 204 1092 238 PAUPERTATE
1113 205 1268 238 CHRISTI

1034 274 1172 314 spiritus
1183 281 1284 313 meus,
1304 272 1418 314 inquit.
1435 271 1526 304 Unde
1539 272 1594 304 ubi
1608 272 1654 314 (a)
1667 282 1734 307 non
1745 283 1815 307 cor-

1035 337 1109 368 pus,
1125 328 1180 360 sed
1195 327 1326 368 spiritus
1347 326 1514 366 fatigatur,
1531 326 1707 366 spiritualis
1720 328 1812 361 labor

1035 382 1146 422 procul
1169 381 1268 414 dubio
1285 380 1488 420 intelligitur.
1505 380 1516 397 ⁶
1539 380 1622 418 Quid
1644 390 1736 422 ergo,
1764 381 1815 414 in-

1035 436 1127 477 quis?
1151 435 1277 467 Siccine
1299 434 1478 476 spiritualia
1503 434 1559 465 illa
1581 435 1765 475 persuades,
1781 436 1819 466 ut

1035 490 1132 522 etiam
1143 490 1215 521 haec
1228 498 1301 530 quae
1316 497 1358 520 ex
1370 488 1486 528 regula
1499 488 1657 521 habemus
1668 497 1818 530 corpora-

1035 544 1078 576 lia
1092 544 1247 576 damnes?
1262 543 1491 584 Nequaquam:
1508 542 1564 574 illa
1573 545 1699 584 oportet
1708 552 1818 584 agere,

1036 601 1067 631 et
1081 599 1143 630 ista
1164 607 1230 630 non
1251 598 1417 636 omittere3
1442 597 1585 637 alioquin
1600 606 1674 629 cum
1691 599 1747 629 aut
1760 598 1821 629 ista
1845 620 1854 627 .

1037 652 1140 685 omitti
1154 661 1282 684 necesse
1303 653 1361 690 est,
1378 653 1435 683 aut
1449 651 1514 690 illa,
1531 651 1592 683 ista
1605 651 1711 692 potius
1725 652 1823 684 omit-

1037 707 1134 739 tenda
1146 709 1233 745 sunt,
1248 715 1348 747 quam
1361 705 1427 737 illa.
1443 705 1569 744 Quanto
1588 706 1674 738 enim
1689 706 1823 747 spiritus

1038 761 1151 794 melior
1165 769 1308 801 corpore,
1333 761 1423 791 tanto
1438 759 1614 801 spiritualis
1634 769 1732 801 quam
1748 769 1822 792 cor-

1037 815 1155 857 poralis
1168 815 1351 847 exercitatio
1365 814 1571 846 fructuosior.
1589 814 1638 847 Tu
1653 824 1732 847 vero
1745 824 1822 847 cum

1039 870 1078 901 de
1092 869 1210 901 horum
1224 868 1448 900 observatione
1471 868 1583 908 elatus,
1602 868 1674 900 aliis
1689 878 1754 901 non
1768 878 1824 901 ea-

1040 924 1113 956 dem
1134 922 1381 955 observantibus
1404 922 1553 962 derogaS,
1574 932 1682 954 nonne
1702 925 1734 955 te
1755 932 1827 955 ma-

1042 977 1093 1018 gis
1110 976 1236 1017 regulae
1256 978 1525 1016 transgressorem
1547 976 1694 1017 Judicas?
1707 987 1721 1006 n
1746 976 1829 1009 Sunt

1041 1041 1123 1071 ergo
1147 1031 1187 1062 ad
1202 1039 1283 1071 opus
1302 1029 1454 1062 manuale
1471 1029 1592 1061 astricti
1611 1029 1669 1069 illi,
1691 1030 1748 1071 qui
1768 1030 1828 1062 ha-

1042 1085 1118 1117 bent
1143 1095 1183 1117 ex
1202 1084 1399 1124 obligatione
1424 1084 1638 1124 professionis,
1660 1084 1723 1115 nisi
1749 1084 1829 1115 forte

1043 1148 1124 1180 opus
1138 1138 1289 1170 manuale
1308 1140 1507 1170 commutent
1528 1138 1561 1169 in
1583 1137 1762 1179 spirituale,
1786 1137 1830 1169 ita

1047 1193 1134 1234 quod
1158 1193 1220 1225 hoc
1239 1193 1337 1225 etiam
1353 1192 1392 1224 sit
1407 1193 1445 1224 de
1461 1192 1626 1225 voluntate
1650 1195 1681 1224 et
1701 1192 1831 1224 licentia

1047 1247 1232 1288 superioris.

1089 1302 1137 1333 Ad
1151 1301 1229 1332 illud
1245 1301 1329 1341 quod
1347 1300 1497 1341 objicitur
1511 1300 1549 1332 de
1570 1300 1698 1339 Glossa,
1723 1300 1829 1332 dieen-

1048 1356 1127 1388 dum
1147 1355 1233 1396 quod
1256 1354 1334 1386 illud
1353 1356 1458 1385 totum
1482 1356 1530 1385 est
1551 1354 1732 1393 consilium,
1749 1354 1830 1386 sicul.

1048 1412 1154 1441 textus
1170 1409 1222 1440 ille
1234 1417 1330 1449 super
1344 1417 1442 1448 quem
1459 1407 1568 1439 Glossa
1585 1407 1750 1439 fundatur.
1766 1407 1831 1440 Nec

1047 1463 1162 1504 aliquis
1189 1462 1229 1494 ad
1256 1464 1359 1494 totum
1384 1461 1474 1501 illud,
1500 1470 1558 1493 nec
1581 1461 1620 1493 ad
1644 1464 1768 1502 partem
1796 1471 1831 1493 se

1049 1518 1209 1557 astringit,
1228 1517 1289 1547 nisi
1313 1518 1473 1557 quantum
1488 1525 1529 1547 ex
1544 1516 1740 1556 professione
1754 1525 1828 1557 pro-

1050 1572 1157 1603 mittit.
1175 1571 1263 1602 Unde
1278 1571 1360 1601 sicut
1374 1570 1595 1610 eleemosynas
1614 1569 1690 1601 dare
1704 1579 1771 1601 non
1785 1571 1832 1602 est

1049 1629 1245 1668 praeceptum
1261 1625 1317 1662 1111,
1334 1625 1390 1665 qui
1411 1624 1520 1655 omnia
1536 1624 1640 1663 dedit3
1657 1624 1702 1655 sic
1717 1634 1775 1656 nee
1790 1624 1830 1655 il-

1049 1682 1105 1712 lud
1121 1679 1356 1717 intermedium,
1374 1678 1492 1709 scilicet
1511 1678 1650 1718 operari,
1679 1680 1766 1709 tenet
1779 1687 1830 1709 ra-

1051 1735 1170 1766 tionem
1196 1732 1403 1772 obligationis
1429 1732 1629 1770 necessariae,
1652 1732 1707 1763 sed
1733 1732 1832 1763 solius

1051 1788 1207 1820 suasionis
1223 1787 1413 1825 monitorias,
1434 1786 1485 1818 vel
1505 1786 1601 1817 etiam
1627 1785 1829 1818 consultivae.

1092 1843 1140 1874 Ad
1157 1842 1233 1873 illud
1249 1841 1334 1881 quod
1350 1841 1499 1881 objicitur
1522 1840 1561 1871 de
1577 1840 1785 1881 Hieronymo,
1803 1844 1834 1873 et

1053 1897 1231 1934 Benedicto,
1245 1896 1314 1935 jam
1338 1894 1504 1926 manifesta
1524 1896 1570 1925 cst
1593 1895 1758 1935 responsio
1778 1904 1836 1936 per

1053 1951 1217 1992 praedicta.

1095 2006 1142 2037 Aa
1164 2004 1242 2036 1111111
1262 2003 1349 2044 quod
1370 2003 1520 2043 objicitur
1542 2002 1580 2034 de
1596 2002 1632 2034 B.
1656 2002 1833 2043 Francisco,

1053 2059 1223 2091 dicendum
1235 2083 1242 2097 ,
1275 2057 1359 2098 quod
1392 2057 1424 2087 in
1451 2056 1572 2096 Regula
1609 2056 1644 2087 B.
1675 2056 1835 2088 Francisci

1055 2113 1203 2155 quaedam
1232 2112 1384 2143 dicuntur
1421 2111 1649 2151 praeceptorie,
1686 2111 1835 2151 quaedam

1055 2166 1235 2203 monitorio,
1252 2165 1401 2206 quaedam
1426 2164 1641 2203 informative,
1666 2164 1747 2196 sieut
1768 2164 1836 2205 ipsa

1055 2221 1169 2261 regula
1183 2223 1293 2260 aperta
1311 2218 1468 2251 vocabula
1488 2218 1658 2257 distinguit
1673 2227 1834 2259 expresse.

1056 2277 1120 2308 IIoc
1136 2278 1243 2307 antoni
1262 2274 1346 2314 quod
1369 2273 1489 2305 dictum
1512 2275 1559 2303 est
1574 2272 1612 2303 de
1628 2272 1747 2312 labore,
1771 2282 1836 2305 11011

1057 2334 1102 2363 ost
1117 2331 1235 2361 1110111111
1247 2328 1463 2369 piaeccptorie,
1480 2327 1556 2367 quia
1572 2336 1637 2358 non
1653 2328 1833 2368 imperaret,

1056 2385 1140 2426 quod
1159 2385 1272 2415 faceret
1287 2383 1408 2420 devote,
1426 2390 1501 2412 cum
1516 2381 1576 2412 hoc
1599 2390 1665 2412 non
1679 2381 1767 2412 sitin
1781 2390 1835 2413 110-

1057 2443 1121 2470 slra
1137 2440 1305 2479 potcstate;
1332 2436 1385 2467 sed
1403 2435 1523 2466 dictum
1547 2437 1595 2465 est
1619 2435 1833 2467 informative.

1059 2494 1209 2524 informat
1225 2491 1310 2523 enim
1326 2499 1468 2531 quorum
1484 2490 1522 2519 sit
1544 2488 1738 2520 manualiter
1758 2498 1834 2529 ope—

1058 2548 1132 2585 rari,
1149 2549 1179 2577 et
1202 2545 1350 2586 qualiter,
1375 2543 1451 2583 quia
1472 2543 1612 2580 illorum,
1635 2543 1690 2582 qui
1717 2543 1838 2575 habent

1059 2602 1197 2641 gratiam
1208 2602 1237 2631 et
1251 2599 1431 2630 facultatem
1446 2596 1584 2634 virtutis,
1600 2599 1630 2627 et
1645 2596 1835 2630 industriam

1059 2655 1146 2691 artis,
1172 2655 1203 2684 et
1223 2651 1493 2692 opportunitatem
1519 2649 1590 2688 loci,
1616 2651 1646 2680 et
1671 2652 1833 2691 temporis.

1091 2718 1122 2747 111)
1140 2716 1309 2747 ,11111‹IB<*!'11.,
1324 2714 1384 2739 edit.
1402 2712 1502 2737 Mabill.
1523 2714 1592 2742 loun,
1610 2713 1765 2739 [hiantem.

1857 1309 1890 1331 Ad
1898 1310 1936 1330 lx.

1862 1852 1894 1874 Ad
1913 1854 1940 1874 X.

1863 2011 1943 2032 AXm.
