1955 3021
1659 266 1728 291 XXV

141 373 158 409 ἓ
174 374 228 402 XX.
248 388 284 394 -
302 373 437 401 Exposmo
455 381 481 401 m
499 374 627 401 Recurffl
645 373 769 400 Faunum
787 372 922 400 Mmomm.
935 386 971 392 —
990 373 1055 400 xxi.
1077 374 1321 404 Dasummi-ionas
1339 376 1518 410 Qufflsuonun
1537 385 1564 405 111
1587 386 1692 407 mmm-m

633 419 770 445 Remum.
791 417 959 454 (Prodrom.,
978 418 1029 446 col.
1050 419 1193 455 609-611.)

147 503 176 531 1.
191 499 297 531 Ambo
312 498 383 530 haec
398 498 568 540 opuscula,
584 508 650 530 una
665 508 741 531 cum
755 498 826 530 aliis
841 499 936 531 modo
950 500 1070 539 relatis,
1087 500 1132 533 acl
1151 501 1270 534 Divum
1289 503 1551 536 Bonavencuram
1569 508 1727 545 spectare,

104 570 142 592 ac
156 568 194 591 eo
215 558 319 599 diana
337 565 414 597 esse,
434 558 606 589 confitetur
620 557 776 589 Oudinus.
796 557 838 589 At
855 557 1023 590 novissimi
1045 558 1188 591 Editores
1210 562 1306 602 paulo
1321 563 1575 604 scrupulosiores
1591 563 1727 604 Oudino‚

103 619 289 661 praedictam
300 617 546 658 Expositionem
560 618 597 650 in
613 618 767 658 Reyulam
781 618 937 651 Fratrum
947 618 1112 652 Minorum
1126 621 1255 651 censent
1270 620 1465 660 opusculum
1475 622 1623 663 dubium,
1640 624 1727 664 quia,

104 678 267 720 inquiunt,
286 677 526 718 «antiquorum
546 686 588 708 ne
608 686 695 709 unus
715 677 847 718 quidem
869 679 935 716 est,
957 678 1014 718 qui
1037 678 1122 710 hanc
1146 678 1388 720 Expositionem
1411 680 1532 713 tribuat
1556 681 1729 716 Bonaven—

103 741 201 777 turae3
218 748 234 767 1)
249 736 435 777 adduntque
452 745 460 767 ε
479 747 494 765 «
513 735 636 767 Praeter
653 736 783 768 testium
801 736 903 768 altum
923 737 1086 769 silentium
1106 739 1181 769 sunt
1198 737 1260 769 alia
1274 738 1356 770 bene
1371 739 1484 779 multa⁷
1505 750 1579 781 quae
1593 741 1728 783 Exposi-

101 797 224 828 11011001
248 795 334 827 hanc
355 795 448 827 nobis
469 796 651 835 suspectam
673 794 803 826 faciant.
827 794 920 834 Cum,
943 795 1045 836 capite
1059 805 1104 834 iv,
1122 796 1161 828 de
1177 798 1322 838 pecuniae
1337 800 1520 841 receptione
1535 802 1648 840 ageret
1662 801 1728 833 Ex-

101 855 233 897 posssor,
246 855 367 894 omnia,
383 863 456 895 quae
471 853 602 886 Joannis
617 852 700 885 XXII
715 855 905 895 tempestate
925 855 960 885 in
974 854 1140 887 Minoritas
1153 857 1241 897 jacta
1257 860 1345 897 sunt,
1360 858 1475 891 refellit
1491 860 1637 892 0010100.
1649 860 1728 900 Hoc,

101 923 224 957 quaeso,
241 915 336 955 caput
349 913 469 952 confer,
487 913 514 945 si
529 913 590 953 viS,
607 922 681 945 cum
700 913 824 946 Alvarii
840 913 965 954 Pelagii
987 924 1094 956 opere,
1110 916 1162 948 cui
1182 916 1294 948 titulus
1313 928 1320 949 :
1338 917 1382 950 De
1400 918 1534 958 planctu
1553 919 1729 956 Ecclesiae,-

101 975 175 1007 etin
185 974 296 1006 multis
309 982 409 1015 quam
424 972 567 1004 maxime
582 973 774 1005 concordare
791 974 1011 1015 deprehendes
1022 975 1043 1006 ¹.
1062 985 1077 1004 1>

140 1035 170 1065 2.
188 1033 249 1065 Sed
260 1032 392 1073 gemina
405 1032 476 1064 haec
490 1032 658 1064 dubitandi
673 1033 753 1064 ratIo
769 1033 848 1065 adeo
864 1033 989 1065 subtilis
1000 1035 1031 1064 et
1050 1034 1187 1066 evanida
1200 1036 1257 1074 est,
1275 1036 1310 1067 ut
1325 1036 1365 1067 ab
1382 1036 1525 1077 ipsismet
1545 1037 1728 1071 Editoribus

99 1094 293 1125 infirmetur.
309 1092 490 1133 Loquentes
501 1092 586 1123 enim
602 1092 640 1124 de
650 1092 768 1125 Libello
780 1093 996 1134 Apoloqelico,
1011 1094 1042 1124 01
1057 1093 1096 1125 de
1110 1093 1210 1125 altero
1224 1094 1327 1132 Quare
1341 1096 1473 1128 Fratres
1489 1096 1632 1130 Minores
1644 1107 1729 1138 proe-

97 1153 216 1191 dz'cent,
233 1153 307 1191 etc.⁷
323 1151 423 1183 libere
433 1152 646 1183 confitentur:
665 1163 680 1181 α
694 1151 913 1192 Antiquorum
929 1152 1093 1183 neminem
1104 1153 1256 1193 vidimus⁷
1270 1154 1325 1194 qui
1340 1155 1474 1195 gemina
1484 1155 1553 1187 haec
1568 1156 1729 1197 Opuscula

97 1213 279 1250 reeenseat3
296 1221 311 1240 n
334 1212 366 1242 et
387 1210 600 1241 nihilominus
619 1211 732 1242 eadem
754 1211 839 1242 inter
864 1213 951 1242 certa
977 1212 1080 1243 nostri
1104 1211 1341 1245 Bonaventurae
1364 1213 1524 1254 opuscula
1549 1217 1726 1250 reserunt2.

95 1272 289 1304 Disserentes
305 1272 401 1303 etiam
417 1271 456 1302 de
477 1271 529 1302 vel
546 1271 631 1311 apud
649 1271 736 1311 ipsos
752 1271 847 1303 certis
865 1271 1200 1305 Determinaciom‘bas
1225 1274 1445 1311 Quaestionum
1466 1275 1555 1307 cirea
1579 1277 1728 1317 Regulam

97 1333 128 1364 S.
143 1331 324 1371 Francisez',
342 1340 415 1372 quae
430 1330 524 1371 plane
539 1331 697 1371 majorem
710 1330 832 1361 habent
850 1331 1086 1363 connexionem
1110 1341 1184 1363 cum
1199 1332 1332 1373 praefata
1347 1333 1563 1374 Expositione
1589 1337 1726 1377 Regum,

95 1401 195 1432 quam
208 1400 282 1423 cum
299 1390 433 1429 caeteris,
450 1389 560 1421 itidem
575 1389 715 1420 fatentur
729 1400 736 1420 ε
756 1401 772 1418 «
788 1389 817 1420 A
831 1390 966 1421 testibus
988 1391 1168 1422 deserimur
1185 1391 1207 1422 ³.
1231 1402 1245 1420 »
1268 1391 1401 1429 Quodve
1416 1393 1574 1425 rationem
1593 1395 1727 1427 alteram

96 1451 225 1491 spectat,
242 1450 302 1490 ipsi
321 1449 406 1480 haud
423 1449 611 1486 diffitentur,
627 1459 641 1478 ε(
655 1448 726 1479 fieri
741 1450 825 1480 certe
840 1458 942 1489 posse,
959 1451 997 1480 ut
1011 1450 1123 1481 eadem
1141 1450 1268 1491 objecta
1283 1450 1439 1482 Minoritis
1451 1451 1570 1484 fuerint
1582 1454 1728 1495 tempore

95 1509 331 1540 Bonaventurae
346 1508 448 1539 nostri
462 1507 473 1524 Β
489 1532 496 1539 .
514 1519 528 1537 1)
547 1507 820 1539 Animadvertunt
835 1517 965 1548 quoque
985 1508 1068 1539 circa
1087 1511 1266 1541 memorata
1285 1509 1441 1551 Opuscula
1466 1511 1623 1544 Libellum
1639 1514 1727 1554 Apo-

95 1567 276 1609 melicum,
293 1569 324 1600 et
342 1567 449 1607 Quare
464 1566 593 1599 Fratres
614 1566 756 1598 Minores
776 1566 970 1607 praedicem,
987 1567 1073 1607 quod
1088 1568 1121 1598 in
1136 1568 1212 1608 ipsis
1236 1568 1352 1600 Doctor
1371 1572 1511 1601 noster«
1536 1580 1612 1603 sane
1636 1575 1726 1604 ante-

95 1627 201 1665 vertit,
214 1626 393 1667 refellitque
407 1635 456 1665 ea,
476 1635 550 1666 quae
567 1625 644 1656 false
666 1624 774 1656 docuit
787 1625 901 1656 deinde
922 1625 1100 1657 Richardus
1122 1615 1322 1668 Rad'ulphus,
1339 1628 1531 1660 oxoniensis
1543 1630 1726 1664 Academiae

95 1687 128 1718 in
144 1686 263 1727 Anglia
285 1685 508 1723 Cancellarius‚
525 1684 792 1725 Archiepiscopus
807 1684 1044 1724 Armachanus,
1062 1685 1117 1726 qui
1134 1686 1312 1718 Innocentii
1331 1687 1372 1719 VI
1388 1688 1587 1729 temporibus
1603 1690 1722 1731 floruit,

95 1745 241 1786 obiitque
254 1754 307 1777 an.
323 1745 401 1777 1359
418 1747 440 1776 ὅ.
454 1756 469 1774 1)

137 1807 166 1836 3.
191 1804 350 1836 Caeterum
374 1804 523 1846 antiquos
548 1804 734 1836 meminisse
755 1804 944 1845 hujusmodi
970 1804 1185 1845 Expositionis
1207 1805 1351 1837 clarescit
1369 1806 1491 1838 nedum
1507 1816 1548 1839 ex
1563 1809 1722 1841 Constitu-

96 1863 240 1895 tionibus
251 1863 478 1895 Alexandrinis
492 1873 550 1904 pro
564 1863 743 1896 Minoritico
755 1864 871 1896 Ordine
887 1873 940 1895 an.
958 1865 1038 1895 1500
1050 1863 1143 1895 editis
1158 1867 1180 1903 ⁶,
1198 1865 1252 1896 sed
1268 1865 1363 1896 etiam
1379 1875 1420 1897 ex
1433 1866 1723 1900 Constitutionibus

96 1932 153 1964 pro
169 1923 281 1954 iisdem
296 1922 462 1954 Fratribus
472 1922 652 1954 Minoribus
665 1933 683 1954 a
698 1923 729 1954 S.
746 1923 867 1955 Joanne
882 1923 921 1955 de
932 1923 1129 1964 Capistrano,
1144 1924 1181 1954 ut
1196 1924 1308 1962 fertur,
1325 1925 1521 1965 compositis,
1534 1928 1628 1958 etan.
1644 1930 1723 1960 1430

94 1992 112 2013 a
127 1982 263 2014 Martino
277 1981 304 2014 V
320 1982 529 2021 confirmatis,
546 1982 683 2024 ideoque
703 1982 903 2014 Martinianis
918 1982 1111 2023 nuncupatis
1134 1985 1157 2013 ⁷.
1184 1981 1264 2013 Item
1279 1992 1319 2013 ex
1339 1984 1561 2026 manuscripta
1577 1987 1722 2026 ejusdem

96 2042 228 2082 Regulae
249 2042 435 2073 Minoriticae
451 2041 667 2073 Declaratione
686 2041 738 2073 Fr.
765 2041 983 2082 Christophori
1003 2041 1042 2072 de
1062 2040 1186 2072 Varisio
1202 2040 1235 2072 S.
1260 2041 1513 2082 Capistranensis
1539 2045 1615 2076 socii
1638 2045 1663 2083 ⁸3
1681 2055 1722 2077 ex

94 2100 244 2132 Tractatu
258 2100 297 2133 de
313 2102 454 2134 Recursu
470 2101 514 2133 ad
529 2101 658 2134 Amicos
674 2101 866 2141 sz'rz'cuales
881 2100 933 2131 Fr.
949 2099 1080 2131 Joannis
1095 2099 1246 2140 Philippi,
1267 2101 1322 2141 qui
1338 2101 1378 2132 ab
1394 2111 1447 2133 an.
1464 2105 1542 2134 1467
1558 2113 1662 2145 usque
1682 2105 1721 2135 ad

94 2168 146 2190 an.
165 2162 244 2191 1470
259 2160 320 2191 fuit
333 2159 478 2192 Vicarius
493 2160 656 2192 Generalis
673 2159 951 2198 Ultramontanus,
971 2168 1098 2190 necnon
1121 2168 1162 2189 ex
1182 2159 1333 2190 Indiculis
1356 2163 1386 2191 01
1406 2161 1563 2202 catalogis
1587 2162 1721 2194 Mariani

94 2218 278 2257 Florentini,
300 2218 428 2250 Roberti
447 2219 610 2258 1110100515,
632 2219 809 2251 Alexandri
829 2219 958 2258 Ariosti,
983 2218 1174 2249 Bernardini
1199 2219 1237 2249 de
1261 2218 1378 2259 Bustis,
1405 2223 1466 2252 etc.
1490 2221 1721 2262 Suffragantur

93 2277 246 2308 editiones
257 2277 375 2317 plures,
391 2287 530 2318 quarum
546 2278 720 2311 notabilior
735 2278 991 2318 Argentinensis,
1009 2280 1079 2308 tum
1099 2278 1176 2317 quia
1199 2277 1280 2309 faeta
1303 2288 1354 2310 an.
1380 2281 1470 2318 1495,
1496 2282 1566 2311 tum
1589 2281 1666 2322 quia
1687 2281 1720 2312 in

92 2337 161 2376 ejus
175 2336 240 2367 fine
252 2336 375 2376 legitur
390 2347 396 2367 :
415 2336 578 2378 «Explicit
593 2338 716 2378 Regula
731 2337 910 2370 secundum
925 2336 1168 2377 Expositionem
1184 2337 1313 2370 Domini
1328 2338 1565 2371 Bonaventurae
1580 2351 1585 2371 :
1598 2351 1612 2368 1)
1634 2340 1719 2371 unde

91 2404 231 2435 arguere
254 2395 344 2434 licet,
372 2405 413 2426 ex
435 2405 494 2427 ms.
525 2396 637 2429 Codice
661 2397 764 2429 multo
791 2396 965 2437 antiquiori
994 2395 1091 2426 fuisse
1110 2395 1326 2436 desumptam.
1354 2397 1600 2438 Adstipulantur
1625 2397 1719 2429 Codi-

91 2463 142 2485 ces
158 2463 235 2485 mss.
258 2454 423 2495 Regiensis
448 2454 530 2487 Bibl.
555 2456 588 2487 S.
615 2456 753 2497 Spiritus
776 2456 854 2487 Min.
881 2455 1028 2493 observ„
1054 2456 1084 2485 et
1105 2453 1290 2486 Tudertinis
1313 2465 1354 2487 ex
1379 2456 1564 2488 Inventario
1586 2458 1717 2489 sacrarii

91 2512 123 2544 S.
142 2512 318 2552 Fortunati,
334 2513 410 2545 Min.
428 2513 593 2553 Convent„
605 2516 700 2555 jussu
714 2515 876 2547 Benedicti
888 2514 982 2554 Papae
995 2513 1050 2544 XII
1065 2514 1157 2544 facto.

131 2574 161 2603 4.
194 2572 284 2604 Patet
319 2582 449 2614 quoque
473 2576 638 2606 auctorem
668 2574 883 2615 Expositionis
915 2573 1053 2605 laudatae
1086 2573 1130 2604 ita
1153 2572 1307 2605 claruisse
1338 2576 1407 2614 post
1436 2576 1581 2616 tempora
1617 2577 1716 2609 Inno-

91 2631 187 2662 centii
221 2631 284 2672 111,
316 2632 448 2664 Honorii
478 2633 520 2664 III
547 2636 578 2665 et
608 2634 754 2674 Gregorii
780 2634 838 2673 IX,
863 2641 1003 2674 quorum
1025 2633 1169 2673 primum
1194 2633 1300 2674 inquit
1324 2633 1483 2673 Regulam
1505 2636 1713 2675 approbasse,

125 2713 132 2729 ¹
148 2713 268 2743 Diovia,
289 2721 347 2746 pag.
368 2717 407 2746 93,
426 2718 522 2740 nostrae
538 2723 600 2741 vero
622 2717 682 2741 edit.
700 2718 762 2741 tom.
786 2717 809 2747 l,
825 2724 884 2748 pag.
902 2722 944 2741 Lv.
963 2729 993 2734 —
1012 2715 1109 2746 2111111.,
1126 2722 1183 2747 pag.
1200 2717 1239 2745 85,
1258 2715 1289 2740 ul.
1309 2721 1405 2742 XLvul,
1426 2729 1453 2732 —
1475 2716 1485 2732 ³
1502 2716 1577 2747 lhid„
1600 2724 1658 2748 pag.
1676 2720 1714 2748 86,

93 2749 125 2772 al.
142 2754 259 2773 11111.-
275 2750 284 2766 '0
300 2750 372 2781 ibid„
389 2759 447 2782 pag.
466 2753 510 2781 93,
528 2752 559 2776 ai.
580 2759 631 2777 Liv.
648 2766 677 2770 —
692 2753 702 2769 ⁵
718 2752 827 2776 Diatrib.
844 2759 901 2783 pag.
921 2754 965 2783 85,
983 2752 1015 2775 al.
1029 2757 1123 2776 xrvm.
1140 2764 1170 2769 —
1188 2751 1197 2768 ⁶
1212 2752 1273 2783 Cap.
1292 2758 1309 2775 1.
1327 2765 1355 2770 —
1372 2752 1379 2766 ⁷
1393 2752 1455 2783 Cap.
1476 2758 1515 2776 111.
1538 2766 1568 2770 -
1584 2754 1591 2767 ⁸
1608 2754 1715 2779 Extabat

93 2784 120 2809 111
136 2792 184 2810 ms.
201 2785 294 2811 Codice
311 2787 374 2811 Bibl.
394 2788 474 2812 Couv.
491 2788 590 2814 Reatini
606 2790 633 2814 S,
650 2788 763 2820 Antonii,
779 2788 822 2814 fol.
838 2791 875 2813 12.
