2029 3052
20 1543 46 1563 In
57 1543 105 1569 qui-

0 1572 39 1593 bus
49 1573 102 1594 acti-

0 1603 37 1624 bus
56 1603 104 1624 imi-

0 1635 104 1656 tariChri-

22 1667 81 1686 stum

6 1699 90 1724 spectat

9 1729 37 1750 ad
43 1735 90 1756 per-

15 1759 88 1780 {ectio-

18 1797 77 1812 nem.

607 224 890 258 RESPONSIONIS
912 226 1047 258 PRlMAE
1068 225 1199 259 CAPUT
1221 227 1260 260 ΙΙ.

129 294 269 336 spiciunt
288 294 516 327 sublimitatem
543 293 694 335 potentiae
704 317 715 332 ,
745 295 782 325 ut
809 302 906 334 super

129 358 230 390 aquas
255 349 344 381 siccis
371 349 506 391 pedibus
533 347 700 380 ambulare
712 372 721 386 ‚
749 347 905 379 elementa

129 405 314 435 convertere
324 427 334 442 ,
364 411 462 444 panes
489 401 713 443 multiplicare,
741 409 774 432 se
798 401 904 442 ipsum

128 458 373 499 transfigurare,
400 460 431 490 et
458 460 572 490 caetera
599 457 755 488 miracula
782 456 902 496 facere;

128 511 259 553 quidam
274 512 436 553 sapientiae
450 511 565 550 lucem,
588 512 625 543 ut
636 519 752 542 arcana
765 510 904 542 coelestia

127 566 245 597 referre
259 565 312 606 (a),
335 567 456 597 secreta
479 565 622 597 cordium
638 565 785 604 scrutari,
806 566 838 597 et
851 565 902 597 fu-

127 621 200 652 tura
211 619 403 661 praedicere;
420 620 551 661 quidam
566 620 767 652 severitatem
776 620 901 661 judicii,

126 674 208 705 sicut
218 673 390 706 vendentes
405 673 519 714 ejicere
533 673 572 705 de
586 673 718 714 templo,
735 673 902 705 cathedras

125 727 333 760 vendentium
350 727 513 758 columbas
527 728 681 766 evertere,
704 729 736 758 et
751 727 832 759 dura
851 728 900 759 in-

125 781 305 823 crepatione
324 781 420 812 ferire
433 781 617 821 pontifices3
645 781 777 822 quidam
804 782 901 813 officii

123 836 327 876 dignitatem,
353 837 390 866 ut
413 836 650 866 sacramentum
675 836 830 867 conficere
848 845 899 867 sa-

123 889 293 921 cratissimi
308 888 449 929 corporis
465 889 527 927 sui,
543 897 659 920 manus
678 889 854 930 imponere,
870 891 902 921 et

122 945 266 976 relaxare
280 945 407 985 peccata
421 953 429 983 ;
451 943 582 984 quidam
597 943 900 975 condescensionem

124 998 273 1037 miseriae,
290 999 327 1029 ut
339 997 436 1029 latere
446 997 480 1028 in
495 997 725 1038 persecutione,
741 998 900 1039 trepidare

122 1052 153 1083 et
166 1051 346 1083 contristari
365 1050 398 1081 in
414 1052 527 1090 morte,
550 1053 581 1082 et
597 1061 656 1092 pro
671 1052 831 1083 amotione
846 1062 900 1084 ca—

121 1105 189 1136 licis
201 1104 330 1136 Patrem
344 1113 478 1144 rogare3
491 1105 622 1146 quidam
639 1106 899 1138 informationem

121 1158 197 1190 vitae
213 1158 371 1199 perfectae,
387 1160 424 1190 ut
437 1160 658 1199 paupertatem
675 1168 814 1198 servare,
835 1161 900 1191 vir-

121 1212 290 1252 ginitatem
309 1212 477 1251 custodire,
495 1212 557 1244 Deo
570 1214 601 1244 et
615 1212 800 1244 hominibus
815 1214 899 1254 seip-

120 1275 193 1298 sum
208 1266 375 1306 subjicere,
399 1268 507 1298 noctes
523 1267 557 1297 in
569 1268 712 1299 oratione
726 1268 899 1308 pervigiles

120 1321 246 1359 ducere,
262 1330 320 1361 pro
334 1320 579 1352 crucifixoribus
594 1330 739 1360 exorare,
753 1323 785 1353 et
802 1322 898 1353 morti

118 1383 152 1405 se
177 1384 305 1405 summa
327 1374 481 1405 charitate
506 1375 603 1406 etiam
624 1384 683 1415 pro
698 1375 836 1406 inimicis
853 1376 897 1407 of-

118 1428 212 1459 ferre.
223 1427 303 1460 Cum
314 1428 416 1468 igitur
426 1437 483 1459 sex
494 1428 558 1459 sint
570 1428 756 1468 hujusmodi
766 1430 897 1460 actuum

119 1481 308 1520 varietates,
329 1481 364 1512 in
388 1482 437 1512 his
464 1482 584 1513 ultimis
609 1482 766 1513 duntaxat
792 1482 897 1522 ipsum

119 1535 236 1566 imitari
251 1537 298 1566 est
315 1535 500 1576 perfectum.
517 1535 597 1567 Nam
612 1535 645 1566 in
660 1535 712 1566 his
727 1545 800 1576 quae
821 1538 898 1567 sunt

118 1589 314 1621 excellentiae
333 1589 518 1629 singularis,
541 1591 587 1621 est
607 1589 744 1630 impium
763 1592 793 1621 et
815 1590 895 1621 luci-

117 1643 288 1683 ferianum,
305 1643 369 1674 nisi
383 1643 480 1675 fuerit
495 1643 590 1675 alicui
601 1644 766 1685 privilegii
780 1645 896 1684 singu-

116 1696 192 1728 laris
215 1697 299 1728 dono
317 1706 523 1736 concessum3
549 1698 584 1729 in
607 1697 659 1728 his
686 1700 794 1729 autem
823 1708 896 1739 quae

116 1752 191 1782 sunt
214 1751 394 1784 severitatis
415 1753 446 1783 et
460 1752 635 1792 dignitatis,
660 1753 707 1782 est
726 1752 896 1792 praesiden-

116 1805 199 1835 tium
218 1807 250 1836 et
264 1805 473 1845 praelatorum
487 1816 495 1843 ;
511 1805 545 1836 in
559 1805 609 1836 his
622 1815 696 1846 quae
711 1806 896 1838 condescen-

115 1858 225 1896 sionis,
249 1861 296 1890 est
318 1859 537 1897 infirmorum,
562 1859 596 1890 in
616 1861 776 1899 quantum
790 1859 893 1900 loqui-

115 1921 190 1944 mur
217 1912 257 1943 ad
286 1914 395 1943 actum
424 1913 652 1944 extrinsecum.
681 1912 893 1953 Nequaquam

114 1966 230 2005 igitur,
254 1968 289 1997 ut
313 1966 524 2006 dogmatizat,
553 1975 682 1998 summa
704 1966 893 1998 Christianae

114 2020 315 2060 perfectionis
330 2020 472 2052 consistit
486 2021 519 2051 in
531 2021 706 2053 universali
716 2021 892 2052 imitatione

114 2075 246 2105 actuum
261 2074 388 2113 Christi,
405 2075 460 2106 sed
474 2076 601 2106 tantum
611 2075 741 2106 illorum
752 2075 808 2115 qui
816 2075 891 2107 vitae

113 2128 260 2168 perfectae
274 2128 485 2159 imitationem
500 2128 686 2168 respiciunt.
697 2129 745 2160 Ex
760 2139 824 2170 quo
839 2139 891 2170 ap-

113 2182 214 2221 paret,
226 2182 312 2221 quod
331 2182 519 2222 hujusmodi
534 2183 677 2214 veritatis
692 2183 887 2222 ignorantia,

112 2234 217 2275 prima
224 2235 284 2266 fuit
296 2235 330 2266 in
343 2245 380 2267 eo
389 2245 484 2267 causa
494 2237 621 2268 erroris.
633 2237 735 2274 Quam
742 2237 837 2268 etiam
844 2247 889 2269 se-

112 2289 218 2320 cunda
226 2289 377 2320 comitata
385 2291 443 2328 est,
452 2290 608 2328 videlicet,
621 2291 706 2331 quod
717 2291 887 2331 imperfec—

111 2342 233 2374 tionem
250 2344 468 2384 aperfectione
489 2344 721 2376 rationabiliter
734 2355 800 2377 non
822 2347 885 2378 dis-

111 2397 223 2434 crevit,
238 2397 317 2428 dum
335 2397 555 2437 imprudenter
566 2399 712 2438 asseruit,
723 2401 807 2440 quod
823 2401 882 2432 im-

110 2450 260 2490 perfectio
272 2452 302 2482 et
311 2450 460 2491 perfectio
466 2450 625 2490 differunt,
638 2452 720 2483 sicut
730 2454 883 2487 rectitudo

110 2505 141 2534 et
153 2504 309 2543 distortio,
331 2504 414 2535 sicut
429 2504 551 2544 justitia
563 2506 593 2535 et
609 2508 784 2546 peccatum,
800 2509 880 2541 sicut

108 2556 231 2596 puritas
241 2559 271 2588 et
283 2558 426 2598 pollutio,
439 2558 521 2589 sicut
532 2558 636 2597 gloria
644 2561 674 2590 et
690 2560 879 2602 ignominia,

109 2610 191 2640 sicut
203 2610 269 2641 vita
283 2613 313 2642 et
328 2620 431 2651 mors,
447 2612 527 2643 sicut
547 2613 666 2644 sanitas
687 2616 718 2644 et
734 2616 876 2656 morbus,

143 2690 149 2706 ¹
166 2689 295 2721 Ambros„
309 2691 338 2715 de
356 2691 434 2722 Offie„
451 2692 477 2722 Ι,
492 2698 528 2723 xi,
545 2693 625 2716 36-37.
637 2707 668 2711 -
683 2694 693 2709 ²
705 2695 806 2724 Matth„
821 2703 874 2728 xix,

110 2726 138 2749 17
156 2727 181 2750 et
197 2732 250 2758 seq.
262 2740 292 2744 —
308 2727 317 2741 ³
329 2729 490 2760 Κατορθωμα.
508 2742 536 2746 -
550 2730 557 2743 ⁴
576 2729 692 2754 Ambros.
703 2749 709 2760 ,
730 2732 769 2755 vel
790 2733 873 2764 quivis

1680 235 1733 263 421

961 294 1044 326 sicut
1058 295 1201 327 incessus'
1212 297 1245 328 et
1259 296 1457 330 claudicatio.
1474 298 1522 330 Ex
1537 299 1654 340 quibus
1667 308 1737 331 ma-

961 356 1028 387 gna
1038 348 1296 382 inconvenientia
1305 355 1485 392 sequuntur
1497 353 1647 392 etmulta,
1660 363 1738 394 quo-

959 403 1034 433 rum
1049 402 1157 443 aliqua
1171 405 1320 444 superius
1334 407 1410 437 sunt
1424 415 1584 447 expressa.
1603 407 1736 448 Propter

959 455 1045 495 quod
1059 456 1199 496 diligens
1213 457 1310 490 lector
1322 459 1476 499 advertat,
1489 461 1574 501 quod
1586 461 1737 502 perfectio

959 509 990 539 et
1004 508 1200 550 imperfectio
1214 521 1278 543 non
1300 513 1453 545 differunt
1475 516 1556 546 sicut
1577 515 1642 547 duo
1659 525 1735 547 con-

958 562 1068 602 traria,
1085 564 1139 595 sed
1153 565 1234 597 sicut
1249 568 1354 607 majus
1368 568 1502 608 bonum,
1518 571 1550 600 et
1563 569 1671 601 minus
1684 571 1737 602 bo-

958 625 1048 657 num,
1066 617 1147 649 sicut
1157 619 1213 650 [ini
1224 620 1452 662 propinquum,
1465 625 1496 654 ct
1504 622 1735 665 longinquum,

958 671 1040 702 sicut
1055 671 1160 711 magis
1174 673 1388 714 meritorium,
1401 677 1433 706 et
1447 676 1565 716 minus,
1578 678 1659 709 sicut
1671 688 1737 710 ma-

958 725 1009 764 gis
1023 725 1187 765 deiforme,
1203 728 1235 758 et
1253 727 1372 767 minus,
1389 729 1472 761 sicut
1496 731 1600 770 gloria
1615 734 1646 763 ct
1661 742 1734 764 san-

958 779 1048 810 ctitas
1058 780 1172 820 major,
1189 782 1220 812 et
1235 781 1352 813 minor.
1370 782 1470 822 Quod,
1488 793 1674 826 quanquam
1690 787 1735 818 in-

957 832 1174 873 telligentibus
1189 835 1230 866 sit
1243 845 1300 876 per
1314 845 1348 868 se
1360 839 1485 878 notum,
1502 839 1542 870 ad
1558 840 1735 872 tollendum

956 888 1064 918 tamen
1079 897 1209 920 omnem
1223 890 1431 923 dubitationis
1448 895 1651 934 scrupulum,
1673 905 1736 927 au-

955 941 1154 973 ctoritatibus
1177 942 1367 975 Sanctorum
1383 948 1429 976 est
1447 947 1661 987 probandum.
1683 950 1737 981 Ait

955 995 1042 1026 enim
1071 995 1104 1027 S.
1127 996 1316 1029 Ambrosius
1332 999 1374 1031 De
1389 1000 1531 1040 officiis,
1557 1002 1640 1034 libro
1660 1003 1673 1035 I
1693 1005 1701 1021 ¹
1726 1016 1733 1035 :

960 1060 975 1078 α
985 1048 1133 1081 Officium
1149 1060 1244 1082 omne
1258 1053 1315 1083 aut
1330 1053 1484 1092 medium,
1495 1056 1734 1096 autperfectum

955 1105 1012 1135 est.
1027 1104 1117 1142 Quod
1132 1113 1224 1145 aeque
1239 1105 1478 1146 Scripturarum
1492 1109 1736 1143 auctoritatibus

955 1158 1090 1197 probare
1104 1168 1285 1199 possumus.
1310 1160 1472 1193 Habemus
1486 1163 1572 1194 enim
1588 1173 1607 1194 a
1625 1163 1733 1196 Domi-

954 1220 996 1242 no
1010 1211 1043 1242 in
1059 1211 1235 1252 Evangelio
1252 1214 1373 1246 dictum
1388 1216 1398 1232 ²
1412 1226 1418 1246 :
1436 1216 1479 1248 Si
1493 1217 1544 1248 vis
1568 1217 1611 1249 ad
1630 1219 1734 1251 vitam

955 1265 1096 1306 ingredi,
1122 1274 1214 1299 serva
1237 1269 1405 1302 mandata.
1428 1270 1500 1302 Non
1521 1271 1734 1305 homicidium

952 1319 1064 1358 facies,
1081 1328 1146 1353 non
1161 1321 1370 1355 adulterabis.
1387 1323 1464 1355 Haec
1477 1324 1582 1356 media
1596 1327 1672 1356 sunt
1686 1327 1733 1357 of-

953 1373 1040 1412 ficia,
1064 1374 1181 1414 quibus
1205 1375 1326 1416 aliquid
1345 1377 1446 1416 deest;
1470 1378 1540 1409 ideo
1561 1379 1730 1420 sequitur:

953 1428 996 1459 Sz‘
1010 1429 1060 1460 vz's
1079 1429 1243 1469 perfectus
1261 1438 1338 1469 esse,
1360 1431 1442 1463 vade
1463 1434 1493 1465 et
1507 1432 1608 1465 vende
1623 1435 1732 1467 omnia

953 1490 1024 1522 quoe
1038 1482 1143 1522 habes,
1159 1486 1189 1515 et
1203 1483 1248 1515 da
1260 1485 1470 1525 pauperibus,
1487 1489 1516 1519 et
1531 1495 1658 1525 sequere
1669 1497 1728 1521 me.

953 1535 1019 1566 Hoc
1047 1539 1094 1567 est
1122 1537 1224 1577 igitur
1251 1539 1425 1578 perfectum
1451 1540 1612 1580 officium,
1644 1544 1731 1583 quod

953 1589 1053 1621 Graeci
1068 1591 1265 1623 catorthoma
1275 1592 1285 1609 ³
1298 1595 1426 1632 vocant,
1442 1603 1506 1634 quo
1520 1595 1601 1626 corri
1606 1598 1730 1635 guntur

952 1644 1061 1675 omnia
1084 1654 1157 1685 quae
1180 1646 1303 1686 aliquos
1326 1649 1477 1687 poterunt
1496 1648 1604 1689 lapsus
1627 1650 1729 1682 hahe-

952 1708 997 1730 re.
1013 1711 1027 1728 »
1047 1699 1122 1731 Haec
1139 1701 1340 1732 Ambrosius.
1356 1701 1404 1747 Ex
1419 1702 1537 1742 quibus
1551 1703 1727 1744 colligitur,

952 1755 1037 1795 quod
1057 1755 1199 1786 medium
1222 1755 1375 1795 osticium,
1393 1756 1478 1796 quod
1494 1759 1541 1788 est
1559 1757 1727 1798 imperfec-

950 1810 1033 1847 tum,
1051 1808 1177 1839 nullum
1199 1809 1274 1839 dicit
1288 1812 1465 1849 peccatum,
1482 1819 1556 1841 cum
1577 1812 1728 1845 consistat

950 1863 983 1893 in
995 1863 1198 1894 observantia
1208 1863 1447 1895 mandatorum.
1462 1864 1540 1895 Item
1551 1866 1660 1905 etiam,
1676 1877 1728 1898 su-

950 1926 1007 1956 per
1021 1916 1160 1956 primam
1180 1916 1345 1956 epistolam
1367 1918 1407 1948 ad
1424 1918 1626 1951 (ἶονίηῐήίοεὦ
1644 1931 1650 1951 :
1671 1922 1728 1952 «A

948 1969 1042 2000 licitis
1053 1969 1150 2000 etiam
1167 1971 1347 2010 temperare
1362 1970 1464 2002 voluit
1478 1972 1597 2010 fideles,
1613 1976 1649 2004 ut
1663 1984 1727 2006 non

947 2023 1054 2055 solum
1068 2023 1262 2062 innoeentes,
1282 2024 1337 2055 sed
1353 2026 1385 2055 et
1399 2025 1530 2065 gloriosi
1546 2026 1725 2060 videantur.

948 2078 1102 2110 Concessa
1115 2077 1200 2108 enim
1217 2078 1396 2117 praeterire,
1413 2079 1544 2110 virtutis
1559 2082 1607 2111 est
1621 2082 1728 2113 maxi—

947 2141 1048 2163 mae.u
1074 2131 1148 2162 Haec
1170 2131 1372 2162 Ambrosius.
1400 2132 1434 2163 Si
1458 2133 1560 2172 igitur
1573 2135 1621 2165 uti
1635 2135 1729 2168 licitis

944 2186 1138 2223 innocentia,
1150 2194 1295 2216 concessa
1307 2186 1470 2225 praeterire
1483 2189 1643 2228 perfectio,
1656 2199 1728 2221 con-

945 2242 1007 2270 stat
1019 2240 1105 2280 quod
1121 2239 1320 2279 imperfectIO
1339 2240 1435 2271 simul
1450 2250 1523 2272 cum
1545 2242 1727 2275 innocentia

944 2295 1016 2324 stat.
1039 2292 1110 2324 Non
1138 2295 1188 2323 est
1216 2302 1296 2332 ergo
1323 2295 1499 2333 peccatum.
1523 2295 1727 2335 Augustinus

943 2357 1082 2388 quoque,
1097 2347 1142 2378 De
1165 2346 1242 2378 bono
1258 2346 1423 2387 conjuqalz·
1437 2347 1446 2364 ⁵
1461 2358 1467 2377 z
1485 2359 1499 2377 «
1516 2349 1598 2386 Quid
1613 2350 1726 2381 dicturi

942 2410 1055 2433 sumus
1079 2401 1120 2432 ad
1149 2401 1422 2432 evidentissimam
1445 2402 1587 2443 Apostoli
1615 2414 1726 2436 vocem

941 2455 1074 2486 dicentis
1091 2458 1101 2475 ‘³
1122 2465 1128 2485 ε
1151 2454 1242 2490 Quod
1262 2455 1331 2487 vult
1344 2456 1461 2495 faciat,
1484 2465 1547 2488 non
1564 2462 1674 2497 peccat
1696 2461 1728 2492 εἰ

941 2509 1052 2547 nubat,
1070 2510 1100 2539 et
1121 2519 1128 2539 ε
1148 2509 1184 2540 Si
1205 2509 1364 2548 acceperis
1378 2517 1524 2549 uxorem,
1538 2519 1603 2543 non
1614 2521 1729 2552 pecca-

939 2564 993 2601 sti,
1011 2566 1040 2595 et
1061 2563 1091 2595 εἰ
1111 2563 1267 2602 nupserit
1280 2563 1371 2602 virqo
1388 2571 1451 2595 non
1462 2567 1608 2603 peccavit
1620 2567 1636 2597 P
1649 2567 1729 2598 Hinc

937 2619 1022 2648 certe
1037 2616 1199 2648 dubitare
1216 2617 1261 2647 fas
1275 2626 1340 2647 non
1355 2619 1412 2655 est,
1430 2618 1557 2657 nuptias
1577 2628 1641 2651 non
1662 2630 1729 2652 esse

937 2698 1010 2728 alius,
1029 2698 1053 2721 in
1070 2697 1147 2728 epist.
1169 2698 1174 2721 Ι
1192 2697 1225 2721 ad
1239 2698 1307 2728 Cor„
1321 2703 1365 2721 51¹.
1378 2711 1403 2714 —
1415 2699 1424 2714 ⁵
1438 2700 1513 2729 Aug„
1525 2700 1554 2723 de
1569 2701 1629 2726 Bon,
1642 2702 1727 2738 Conj„

936 2741 961 2764 x,
992 2736 1028 2758 ll.
1046 2747 1075 2751 —
1091 2736 1099 2747 ‘²
1116 2735 1123 2757 l
1139 2734 1206 2764 Cor„
1225 2740 1271 2763 vu,
1285 2735 1307 2758 7.
1322 2747 1346 2750 —
1361 2733 1395 2764 (a)
1408 2734 1463 2765 Lvy.
1475 2742 1596 2762 reserare.

1776 411 1860 432 Perfec-

1767 441 1808 468 tio,
1825 444 1848 463 et

1764 472 1845 499 impor-

1766 503 1830 524 sectio
1838 519 1845 530 ,

1761 541 1851 561 quomo-

1753 565 1781 586 do
1795 566 1857 588 diffe-

1751 597 1810 618 rant.
