2029 3052
517 223 774 258 PSALTERIUM
794 223 922 256 MAJUS
946 223 1091 256 BEATAE
1113 222 1254 255 MARIAE
1275 221 1463 256 VIRGlNlS.

213 296 284 323 Ecce
299 301 378 323 nunc
398 293 561 322 inundante
584 293 718 322 ubertate
743 291 906 320 declinabit
927 291 958 319 in

175 350 230 370 vos
249 351 255 370 ε
279 342 318 370 ad
341 341 559 370 consolandum
584 342 612 369 et
634 340 845 369 laetificandum
866 339 958 368 corda

177 390 285 417 vestra.

212 435 378 464 Benedicite
393 435 486 471 illam,
502 443 606 464 omnes
620 435 697 464 servi
709 435 772 471 ejus
785 443 791 462 :
809 435 958 462 etmemo-

175 483 248 512 riale
259 483 296 512 sit
309 483 341 511 in
356 483 504 511 desiderio
520 483 626 512 animae
641 484 753 511 vestrae.

212 530 378 559 Benedicite
393 529 487 565 illam,
505 538 609 558 omnes
625 530 722 566 angeli
737 531 764 558 et
780 529 873 558 sancti
889 529 937 557 Dei
950 539 955 557 z

175 577 295 608 laudate
309 577 341 606 in
356 577 462 606 saecula
477 577 627 606 mirabilia
642 577 714 613 ejus.
731 576 841 612 Gloria,
858 577 913 605 ete.

460 661 587 688 Psntmus
606 661 667 688 134.

211 719 339 748 Laudate
362 727 474 748 nomen
493 719 633 748 Domini:
657 719 823 748 benedicite
848 727 957 749 nomen

173 768 270 796 Mariae
286 767 387 796 matris
402 769 477 804 ejus.

209 815 304 843 Martae
325 815 498 852 precamina
523 815 733 852 frequentate:
759 817 787 844 et
809 816 958 844 suscitabit

173 861 260 890 vobis
275 862 442 899 voluptates
455 863 658 899 sempiternas,

210 911 242 938 ln
257 910 358 938 animo
380 910 506 939 contrito
528 911 565 947 (a)
578 911 733 939 veniamus
748 911 787 940 ad
802 911 905 939 illam:
931 913 960 939 et

174 965 236 985 non
250 957 414 986 stimulabit
427 966 482 986 nos
497 958 643 994 cupiditas
658 959 781 995 pcccati.
952 993 955 997 .

211 1004 266 1038 Qui
281 1005 390 1040 cogitat
413 1005 450 1033 de
465 1005 517 1033 illa
538 1005 568 1033 in
593 1005 805 1041 tranquillitate
827 1005 934 1034 mentis
951 1015 957 1034 :

175 1051 306 1080 inveniet
321 1052 476 1080 dulcorem
489 1054 516 1080 et
530 1053 666 1089 requiem
681 1053 773 1089 pacis.

212 1099 399 1135 Respiremus
420 1100 457 1127 ad
483 1099 566 1128 illam
590 1100 620 1127 in
638 1100 772 1128 finitione
793 1103 915 1130 nostra:
933 1103 961 1129 et

175 1146 316 1174 reserabit
327 1147 416 1174 nobis
431 1146 505 1175 atria
517 1147 776 1184 triumphantium.

212 1193 309 1222 Gloria
324 1194 410 1227 Patri,
426 1196 479 1222 etc.

462 1277 587 1304 Psnrmus
603 1277 666 1304 135.

211 1336 397 1364 confitemini
427 1336 552 1364 Domino
563 1358 570 1372 ‚
597 1337 743 1373 quoniam
771 1337 871 1366 bonus
895 1339 937 1366 est
951 1347 958 1366 :

175 1384 320 1420 quoniam
333 1392 386 1420 per
401 1392 486 1412 suam
501 1383 706 1412 dulcissimam
725 1386 850 1413 matrem
866 1385 960 1422 Virgi-

175 1439 245 1459 nem
259 1431 379 1459 Mariam
395 1431 481 1458 datur
496 1431 702 1459 misericordia
716 1433 789 1467 ejus.
941 1462 945 1466 ,

212 1480 339 1514 impetra
354 1478 452 1511 nobis,
471 1478 606 1513 Domina,
623 1478 784 1506 amicitiam
799 1480 866 1507 Jesu
881 1480 961 1508 Chri-

177 1525 233 1553 sti:
251 1527 278 1553 et
291 1525 408 1553 custodi
429 1533 495 1559 n05,
519 1533 556 1553 ne
578 1525 739 1561 perdamus
758 1526 961 1555 innocentiam

180 1573 308 1600 nostam.

212 1619 381 1655 Comprime
401 1619 519 1647 hostem
539 1620 674 1647 nostrum
694 1619 820 1655 imperio
836 1621 906 1648 tuo:
923 1627 961 1649 ne

177 1666 260 1695 feriat
273 1666 308 1702 (b)
320 1666 350 1693 in
371 1665 459 1694 nobis
475 1666 612 1694 virtutem
629 1666 787 1695 charitatis.

212 1716 293 1742 Bona
318 1714 465 1742 naturalia
489 1722 633 1742 conserva
653 1715 683 1741 in
705 1714 810 1743 nobis:
828 1717 856 1743 et
879 1715 961 1743 bona

177 1761 279 1797 gratiae
289 1769 342 1797 per
357 1763 383 1789 te
396 1761 638 1797 multiplicentur.

213 1808 350 1837 illumina
364 1808 428 1836 vias
439 1810 466 1836 et
478 1809 597 1836 semitas
607 1811 723 1837 nostras
736 1819 742 1837 ε
760 1811 791 1837 ut
801 1817 959 1838 noscamus

179 1864 245 1891 quae
260 1855 447 1892 beneplacita
463 1858 530 1883 sunt
546 1858 614 1884 Deo.
634 1856 732 1884 Gloria
748 1857 833 1892 Patri,
851 1860 905 1886 etc.

467 1939 590 1965 Psmms
608 1939 668 1965 136.

214 2000 309 2035 Super
322 1998 448 2026 flumina
471 1998 632 2034 Babylonis
654 2000 799 2027 fleverunt
822 2000 934 2027 Hebraei
954 2009 960 2028 ε

178 2054 232 2074 nos
248 2053 318 2073 vero
333 2053 422 2081 super
437 2045 606 2081 iniquitates
621 2048 736 2074 nostras
751 2047 917 2082 lugeamus.

214 2093 381 2121 Clamernus
395 2093 524 2120 humiles
539 2093 579 2120 ad
594 2101 772 2129 puerperam
786 2094 933 2129 Virginem
953 2104 959 2122 ε

180 2140 340 2167 offeramus
355 2140 381 2167 ei
395 2139 531 2175 planctus
547 2142 575 2168 et
589 2141 716 2176 suspiria
730 2143 840 2169 nostra.

215 2188 279 2214 Non
294 2187 442 2214 invenitur
454 2187 625 2223 propitiatio
640 2187 703 2215 sine
719 2188 769 2216 illa
787 2198 792 2216 z
813 2196 867 2216 nec
882 2189 962 2217 salus

181 2233 244 2261 sine
257 2232 353 2260 fructu
367 2233 456 2260 illins.

216 2283 268 2308 Per
283 2280 366 2308 illam
380 2283 501 2315 peccata
516 2284 682 2315 purgantur
698 2290 704 2309 :
723 2284 750 2310 et
763 2290 816 2318 per
832 2282 962 2311 fructum

180 2327 269 2362 illius,
286 2327 392 2354 animae
407 2326 595 2355 dealbantur.

217 2377 268 2403 Per
283 2374 366 2401 illam
380 2373 413 2400 fit
429 2373 585 2402 satisfactio
600 2377 726 2410 peccatis
743 2398 749 2404 .
767 2384 820 2412 per
833 2377 961 2405 fructum

180 2421 268 2456 illius,
284 2421 393 2449 sanitas
407 2421 605 2449 condonatur.
622 2422 720 2451 Gloria
736 2424 821 2458 Patri,
839 2427 892 2452 etc.

467 2504 592 2531 PSALmus
612 2505 672 2531 137.

218 2562 387 2591 confitebor
405 2562 469 2597 tibi,
495 2563 629 2595 Domina,
645 2563 675 2590 in
691 2565 751 2591 toto
769 2565 859 2593 corde
876 2574 961 2594 meo:

182 2610 254 2646 quia
281 2617 334 2645 per
364 2612 390 2637 te
418 2612 556 2646 expertus
584 2619 650 2638 sum
679 2611 867 2640 clementiam
895 2614 961 2641 Jesu

184 2656 296 2685 Christi.

219 2703 305 2739 Audi,
321 2704 453 2740 nomina,
470 2704 562 2733 verba
577 2713 643 2733 mea
657 2708 684 2734 et
698 2713 799 2741 preces
817 2715 914 2735 meas:
937 2710 964 2735 et

1739 225 1798 254 219

1014 293 1046 320 in
1069 293 1229 328 conspectu
1253 291 1431 328 angelorum
1453 289 1580 319 cantabo
1596 290 1649 318 tibi
1673 290 1787 319 laudes.

1051 340 1082 367 Iu
1097 347 1287 375 quacumque
1298 339 1346 367 die
1361 339 1542 367 invocavero
1559 340 1595 373 te,
1609 338 1719 366 exaudi
1734 345 1797 366 me:

1016 387 1043 413 et
1058 385 1224 422 multiplica
1236 386 1372 414 virtutem
1388 385 1418 414 in
1434 385 1535 414 anima
1549 393 1627 413 mea.

1052 433 1253 462 confiteantur
1264 433 1315 461 tibi
1329 441 1433 462 omnes
1444 433 1538 461 tribus
1547 435 1575 461 et
1585 432 1693 468 linguae
1705 441 1711 460 :
1728 432 1799 468 quia

1015 488 1069 517 per
1084 482 1111 508 te
1127 480 1206 508 salus
1219 480 1351 508 restituta
1366 482 1409 509 est
1423 480 1521 508 nobis.

1051 528 1095 556 Ab
1117 527 1199 556 omni
1223 527 1448 564 perturbatione
1470 527 1566 555 libera
1586 535 1688 555 servos
1710 528 1797 555 tuos:

1016 577 1043 604 et
1057 575 1104 603 fac
1125 583 1176 603 eos
1197 574 1298 603 vivere
1317 575 1372 603 sub
1400 583 1473 611 pacc
1496 576 1523 602 et
1537 574 1721 611 protectione
1738 576 1796 603 tua.

1051 622 1151 651 Gloria
1166 621 1251 657 Patri,
1268 623 1322 650 etc.

1304 706 1430 733 Psttmus
1447 705 1508 732 138.

1052 766 1186 801 Domina,
1201 766 1333 803 probasti
1346 774 1408 800 me,
1428 768 1455 794 et
1473 766 1639 801 cognovisti
1650 774 1698 794 me
1715 775 1722 794 z
1738 766 1798 794 rui-

1015 821 1086 842 nam
1101 816 1128 842 et
1142 813 1405 849 transgressionem
1419 821 1528 842 meam.

1051 861 1178 897 copiosa
1193 861 1270 889 facta
1284 863 1325 889 est
1339 869 1428 898 super
1443 869 1490 889 me
1510 861 1714 889 misericordia
1729 863 1797 890 tua:

1015 909 1044 937 et
1058 908 1180 937 dilatata
1191 910 1234 936 est
1248 917 1337 945 super
1353 917 1400 936 me
1416 909 1584 937 clementia.

1051 956 1258 992 Imperfectum
1279 964 1381 984 meum
1400 956 1515 992 aspexit
1539 956 1643 984 oculus
1663 958 1749 984 tuus:
1773 959 1800 985 et

1015 1004 1169 1040 palpebrae
1184 1005 1240 1031 tuae
1252 1005 1401 1031 noverunt
1414 1004 1477 1032 vias
1491 1012 1583 1032 meas.

1051 1051 1239 1080 Affluentiam
1256 1051 1395 1079 desiderii
1416 1051 1509 1079 sancti
1522 1051 1688 1080 habeamus
1703 1060 1721 1080 a
1735 1052 1799 1088 Spi-

1015 1099 1073 1127 ritu
1088 1101 1189 1126 sancto
1206 1108 1212 1126 :
1229 1100 1257 1126 et
1272 1099 1391 1126 macula
1406 1099 1518 1135 peccati
1539 1107 1600 1127 non
1616 1099 1715 1128 turbet
1727 1107 1799 1127 con-

1015 1145 1167 1174 scientiam
1183 1148 1326 1174 nostram.

1053 1193 1276 1221 Serenetcorda
1297 1195 1399 1221 nostra
1418 1193 1469 1221 lux
1492 1193 1702 1222 misericordiae
1724 1196 1799 1228 tuae3

1017 1243 1044 1269 et
1059 1243 1170 1269 recreet
1184 1249 1239 1269 nos
1254 1243 1309 1269 tuce
1324 1241 1406 1277 pacis
1423 1240 1562 1269 dulcedo.

1052 1287 1148 1316 Gloria
1164 1288 1250 1323 Patri,
1268 1290 1322 1316 etc.

1306 1371 1433 1398 Psumus
1450 1371 1510 1398 139.

1053 1432 1138 1468 Eripe
1148 1440 1206 1466 me,
1219 1432 1353 1467 Domina,
1363 1431 1401 1459 ab
1417 1431 1499 1459 omni
1509 1431 1591 1460 malo
1607 1440 1613 1459 z
1628 1433 1656 1460 et
1665 1432 1703 1460 ab
1717 1431 1800 1460 hoste

1016 1479 1152 1507 infernali
1168 1479 1200 1515 (c)
1217 1479 1344 1506 defende
1360 1487 1418 1506 me.

1053 1527 1160 1554 Contra
1175 1534 1222 1554 me
1239 1526 1361 1554 tetendit
1375 1534 1478 1554 arcum
1493 1534 1597 1554 suum:
1611 1528 1639 1554 et
1655 1526 1685 1554 in
1696 1526 1800 1554 fraude

1016 1582 1070 1602 sua
1083 1574 1238 1602 insidiatur
1253 1575 1336 1602 mihi.

1053 1622 1225 1657 Constringe
1240 1622 1277 1658 (d)
1288 1622 1364 1649 vires
1375 1622 1437 1657 ejus
1449 1622 1596 1657 malignas
1611 1631 1617 1650 ε
1629 1623 1657 1650 et
1667 1621 1801 1650 obtunde

1016 1671 1151 1706 potenter
1167 1670 1288 1698 astutias
1303 1670 1375 1705 ejus.

1051 1719 1194 1746 Converte
1206 1718 1392 1753 iniquitatem
1402 1718 1495 1754 ipsius
1506 1718 1536 1745 in
1551 1717 1692 1745 verticem
1704 1717 1799 1745 illius:

1016 1767 1044 1793 et
1058 1765 1089 1793 in
1102 1766 1221 1793 foveam
1236 1773 1327 1801 quam
1342 1765 1419 1799 fecit,
1436 1764 1523 1792 cadat
1537 1764 1719 1793 festinanter.

1050 1814 1107 1840 Nos
1127 1815 1225 1840 autem
1245 1812 1410 1840 exultemus
1430 1812 1460 1839 in
1484 1812 1603 1840 servitio
1626 1814 1695 1840 tuo:
1721 1814 1750 1840 et
1771 1812 1802 1840 in

1016 1859 1073 1887 tuis
1088 1860 1230 1888 laudibus
1246 1860 1419 1895 gloriemur.
1436 1859 1536 1888 Gloria
1551 1859 1636 1893 Patri,
1651 1861 1706 1887 etc.

1308 1943 1434 1970 Pstfflus
1453 1942 1512 1970 140.

1053 2003 1188 2037 Domina,
1206 2003 1333 2030 clamavi
1356 2003 1395 2030 ad
1410 2005 1447 2038 te,
1465 2002 1574 2030 exaudi
1593 2010 1658 2030 me:
1681 2001 1801 2029 intende

1017 2050 1147 2078 orationi
1163 2058 1237 2078 meae
1251 2052 1279 2078 et
1294 2050 1487 2086 postulationi
1502 2058 1585 2078 meae.

1056 2098 1200 2132 Dirigatur
1216 2097 1382 2125 obsecratio
1398 2106 1466 2125 mea
1483 2097 1563 2125 velut
1582 2097 1735 2124 incensum
1754 2104 1802 2124 co-

1016 2153 1081 2173 ram
1096 2145 1169 2173 facie
1186 2147 1235 2173 tua
1255 2154 1261 2173 ς
1279 2147 1305 2173 et
1319 2145 1350 2172 in
1369 2147 1503 2180 tempore
1519 2144 1639 2172 serotini
1654 2143 1800 2178 sacrificii,

1017 2195 1044 2220 et
1059 2193 1207 2220 matutini.

1054 2241 1116 2267 Non
1134 2239 1259 2266 declinet
1272 2247 1323 2266 cor
1339 2247 1438 2266 meum
1454 2239 1483 2266 in
1500 2238 1598 2266 verbis
1614 2238 1802 2274 malignanti-

1017 2287 1073 2314 bus
1087 2296 1093 2314 :
1111 2289 1138 2314 et
1154 2286 1292 2322 nequitiae
1312 2286 1455 2321 cogitatus
1470 2294 1531 2314 non
1546 2286 1718 2314 subvertant
1733 2294 1800 2314 sen-

1017 2342 1083 2361 sum
1100 2342 1210 2361 meum.

1054 2382 1109 2408 Fac
1120 2389 1167 2408 me
1182 2381 1322 2409 assentire
1334 2380 1520 2417 beneplacito
1531 2380 1628 2408 cordis
1644 2381 1674 2416 (e)
1687 2389 1693 2407 :
1711 2382 1737 2408 et
1746 2380 1802 2407 tuis

1019 2428 1186 2456 actionibus
1202 2428 1394 2456 conformari.

1055 2475 1159 2503 Gladio
1174 2475 1373 2511 intelligentiae
1388 2476 1546 2503 reverbera
1566 2483 1617 2502 cor
1632 2483 1734 2502 meum
1753 2484 1758 2501 :
1775 2476 1803 2502 et

1019 2522 1150 2557 igniculo
1172 2522 1319 2550 charitatis
1348 2523 1502 2550 inflamma
1533 2524 1664 2550 mentem
1690 2530 1800 2550 meam.

1056 2569 1155 2597 Gloria
1171 2570 1256 2604 Patri,
1274 2572 1327 2597 etc.

1052 2642 1086 2671 (a)
1105 2641 1164 2665 (s'cel.
1180 2641 1239 2665 edic.
1257 2641 1343 2664 anima
1358 2641 1474 2665 emmim,
1493 2654 1521 2658 -
1539 2640 1569 2670 (b)
1588 2641 1644 2671 Ley.
1661 2640 1801 2664 minuat.—

1022 2678 1050 2707 (ς)
1082 2677 1141 2700 Coet.
1169 2677 1227 2699 erm.
1256 2677 1358 2701 intomi.
1387 2691 1416 2694 —
1452 2678 1485 2703 (tl)
1518 2678 1573 2707 [κῃ.
1600 2676 1747 2705 Confringe.
1772 2689 1802 2694 —

1020 2714 1047 2744 (e)
1066 2712 1153 2745 suppl.
1170 2713 1215 2737 tui.
