2029 3052
195 211 254 242 460
770 207 981 240 APOLOGIAE
1005 207 1225 241 PAUPERUM

191 278 346 310 habentes
360 301 369 316 ,
389 285 457 310 non
470 278 596 316 amant;
609 276 706 308 multi
723 285 788 308 non
802 276 966 316 habentes,

191 335 312 366 amant.
332 332 412 365 Item
433 333 489 364 alii
509 334 541 365 et
563 333 694 372 habent,
715 333 747 364 et
764 334 890 370 amant3
915 331 969 362 atii

190 396 250 419 nec
272 386 400 425 hahere,
426 395 485 417 nee
507 395 616 418 amare
643 394 677 417 se
705 385 833 417 divitias
858 384 969 416 saeculi

190 441 351 482 gaudent3
379 449 519 481 quorum
545 440 647 471 tutior
675 440 777 470 status
807 441 866 478 est,
891 448 966 470 cum

189 495 339 536 Apostolo
350 494 544 525 dicentium¹
561 503 569 525 :
587 493 705 534 (Nobis)
721 493 901 533 crucifixus
911 495 967 531 est,

189 549 332 581 mundus
356 550 386 580 et
408 548 487 588 (nos)
511 547 642 580 mundo.
662 558 677 576 »
694 547 730 578 In
752 547 803 578 his
817 546 968 578 Rabanus

189 611 338 643 expresse
365 601 529 639 insinuat,
555 610 637 642 opus
661 601 862 641 perfectionis
884 609 965 639 esse,

188 655 358 696 magisque
369 663 530 693 securum,
546 657 578 686 et
588 654 712 687 Christo
724 655 878 686 crucifixo
893 663 967 685 con-

187 709 307 748 forme,
328 709 364 740 in
387 708 528 740 carentia
554 716 664 739 rerum
691 710 722 740 et
741 708 965 748 pecuniarum,

187 764 298 796 vivere
312 763 346 794 in
363 765 507 794 extrema
521 764 721 803 paupertate.
739 762 804 794 Hoc
814 763 921 803 ipsum
935 764 967 795 et

187 817 357 858 Apostolus
374 816 419 849 ad
443 816 627 850 Corinthios
642 816 812 857 persuadet
827 827 834 847 ε
855 816 964 856 Scitis,

188 871 293 913 inquit
309 871 334 911 ²,
356 871 497 912 qratiam
511 871 647 903 Domini
661 870 768 903 nostri
779 870 855 902 Jesu
877 871 967 904 Chri-

188 926 235 958 sti
252 949 259 965 ‚
289 925 443 966 quoniam
473 927 603 965 propter
632 931 688 956 vos
719 932 834 965 egenus
859 925 966 964 sactus

189 983 250 1018 est,
266 987 337 1012 cum
360 978 452 1011 dives
478 982 574 1017 esset,
600 982 637 1011 vt
660 978 752 1010 illius
773 979 886 1019 inopia
911 987 966 1011 vos

188 1033 308 1066 divites
322 1033 443 1065 essetis.
463 1033 505 1064 Et
516 1033 553 1064 in
568 1032 625 1065 hoc
639 1032 811 1064 consilium
826 1032 879 1065 do.
895 1032 966 1064 Au-

189 1087 351 1127 gustinus,
370 1086 403 1117 in
418 1085 568 1126 originali
585 1096 591 1117 :
613 1097 628 1115 α
642 1085 666 1116 F
669 1087 758 1116 actus
772 1087 830 1122 est,
844 1085 960 1126 inquit,

187 1150 312 1180 egenus
327 1141 360 1172 in
375 1143 514 1179 tantum,
530 1142 641 1171 utnon
657 1139 790 1170 haberet
806 1139 890 1179 quod
906 1140 965 1171 ha-

187 1195 262 1226 hent
275 1194 399 1235 vulpes.
416 1195 459 1225 Et
474 1194 510 1226 in
525 1193 580 1226 hoc
595 1192 768 1225 consilium
783 1192 836 1231 do,
850 1193 967 1224 subau-

187 1249 273 1280 ditur
290 1250 325 1279 nt
339 1249 408 1289 ejus
423 1249 641 1288 paupertatem
652 1246 834 1278 imitemini.
848 1257 862 1276 n
879 1246 966 1277 Idem

187 1311 328 1343 quoque,
345 1302 378 1333 in
394 1302 474 1333 libro
489 1302 527 1334 de
539 1302 624 1334 Bono
639 1300 806 1341 conJ'uqali
817 1301 826 1318 ³
837 1310 848 1332 :
863 1313 877 1330 «
893 1301 962 1332 Non

187 1356 257 1387 ideo
274 1355 395 1386 malum
417 1357 481 1394 est,
502 1356 629 1395 justum
655 1358 710 1386 aut
728 1355 917 1395 prophetam
933 1355 966 1386 in

186 1410 281 1442 domo
292 1420 349 1441 sua
365 1410 537 1450 suscipere,
551 1409 627 1449 quia
636 1418 693 1440 nec
704 1409 834 1440 domum
848 1409 966 1439 habere

187 1464 297 1501 debet,
319 1466 374 1502 ut,
399 1464 482 1504 quod
500 1463 614 1494 melius
628 1466 687 1502 est,
706 1463 809 1501 faciat,
826 1463 880 1503 qui
898 1463 966 1494 vult

186 1519 225 1550 ad
240 1519 413 1559 perfectum
430 1518 591 1550 Christum
611 1518 712 1558 sequi.
731 1529 744 1546 n
766 1517 800 1548 In
816 1526 880 1558 quo
896 1520 965 1548 An-

186 1572 337 1613 gustinus
359 1575 466 1613 aperte
487 1572 645 1610 declarat,
671 1572 758 1612 quod
781 1572 886 1603 alieno
910 1581 964 1603 su-

185 1627 261 1667 scipi
279 1628 371 1663 tecto,
389 1626 417 1657 ei
433 1626 573 1657 maxime
584 1626 745 1666 competit,
761 1625 816 1665 qui
831 1626 965 1665 perfecte

185 1681 344 1712 Christum
362 1681 476 1711 imitari
498 1681 595 1720 cupit.
615 1680 694 1710 Huic
709 1682 861 1710 consonat
879 1680 965 1720 quod

185 1735 259 1765 dicit
272 1735 518 1775 Chrysostomus
530 1734 539 1749 ¹
558 1742 654 1773 super
668 1733 823 1765 Jodnnem
836 1742 846 1764 .·
867 1745 880 1761 a
894 1735 966 1763 ltm-

185 1788 238 1818 nia
254 1796 390 1827 agamus
403 1811 412 1826 ,
431 1796 487 1827 per
509 1796 583 1827 quae
606 1786 767 1817 Christum
789 1786 963 1817 imitemur.

186 1842 268 1879 Quid
285 1842 385 1881 igitur
413 1841 634 1872 Christus-uit?
656 1841 772 1880 Vulpes
786 1841 895 1879 foveas
910 1840 964 1871 Ιια-

187 1895 276 1932 ὸεηῑ,
299 1898 327 1927 et
347 1895 486 1927 volueres
511 1895 580 1926 coelt'
606 1894 723 1927 nidos:
748 1895 836 1933 filius
859 1898 966 1926 autem

186 1949 328 1980 hominis
352 1957 417 1980 non
444 1948 534 1980 habet
566 1949 622 1980 ubi
651 1952 748 1987 caput
776 1949 916 1979 reclinet.
948 1959 962 1975 υ

188 2003 272 2033 Idem
285 2027 292 2040 ,
318 2011 413 2042 super
438 2002 640 2040 illaltlurztm,
658 2002 789 2033 homilia
806 2012 835 2032 ix
853 2003 883 2032 ⁵:
905 2014 919 2031 «
934 2002 965 2033 Si

187 2057 226 2087 ab
246 2057 366 2087 honore
394 2057 542 2096 quidem,
561 2057 614 2096 qui
641 2057 673 2086 in
699 2057 904 2087 interioribus
919 2058 967 2086 est

187 2110 322 2150 palatiis,
341 2110 483 2150 pecunia!
500 2120 557 2140 nos·
573 2110 764 2150 expulerint,
781 2109 967 2149 contempti-

187 2163 265 2194 biles
287 2166 378 2194 crunt
393 2175 400 2201 ;
427 2164 580 2194 ciclorum
597 2166 703 2194 antem
727 2162 813 2201 Rege
831 2172 885 2202 pcr
900 2163 964 2192 sin-

187 2217 280 2257 gulos
300 2218 366 2247 dics
382 2218 537 2247 clamante
550 2219 579 2247 ct
593 2217 731 2255 dicente,
749 2217 825 2256 quia
840 2217 966 2247 dit'ticile

188 2274 234 2302 est
255 2280 329 2302 cum
353 2271 414 2301 illis
439 2271 469 2300 in
492 2271 607 2301 css‘lnm
631 2271 766 2309 intrare,
787 2280 851 2301 non
869 2271 967 2311 proji-

188 2327 308 2356 ciemus
322 2325 455 2356 oninia‘?
476 2327 506 2354 et
523 2335 584 2355 non
599 2325 789 2355 desistemus
805 2325 845 2355 al)
861 2325 966 2355 omni·

189 2380 249 2410 bus
270 2380 386 2417 rebus,
401 2380 437 2409 ut
460 2387 533 2408 cnm
550 2378 649 2408 libera
669 2379 747 2409 facie
763 2388 900 2418 regnum
917 2378 964 2408 in-

191 2433 400 2472 grediamur?
426 2442 441 2461 ι)
470 2431 525 2462 llis
558 2432 726 2463 concordat
752 2433 967 2473 Hieronymus

220 2533 226 2548 ¹
242 2531 310 2561 (ΜΛ,
327 2537 362 2554 vi.
378 2532 414 2555 ι’».
432 2544 463 2548 -
476 2531 486 2546 ‘³
499 2532 517 2554 11
537 2530 606 2559 (Τοικ,
622 2536 676 2559 vni,
693 2533 760 2554 1)-10.
776 2544 805 2548 -
822 2531 831 2547 ⁸
848 2533 921 2561 Anam,
937 2531 967 2554 tle

190 2568 248 2591 Bon.
266 2568 353 2597 Cous,
369 2574 394 2590 ιι.
410 2568 433 2590 S.
449 2580 479 2584 —
496 2571 501 2580 ¹
516 2567 664 2597 clm-sest„
689 2567 712 2589 [a
728 2568 807 2592 joun..
825 2567 894 2590 lwm.
912 2574 967 2597 xlx,

190 2604 220 2626 al.
238 2609 312 2631 xxiii,
330 2610 355 2626 n.
373 2606 394 2626 3.
413 2616 442 2620 —-
455 2603 464 2618 ⁶
487 2603 574 2630 1d.,1'11
594 2602 695 2627 Multo„
710 2602 779 2625 horu.
800 2609 836 2632 ix,
855 2610 881 2626 n.
898 2605 920 2626 ῐὶ,
936 2616 966 2619 -

193 2640 201 2653 ¹¹
218 2638 334 2667 hieron„
352 2638 385 2661 ud
400 2638 508 2667 llz‘li'ml„
524 2638 597 2668 epist.
615 2644 633 2665 1,
649 2638 697 2660 cel.
717 2644 750 2660 m.
768 2640 790 2661 tl.
808 2651 836 2654 —
849 2639 857 2653 ἵ
876 2638 921 2668 1ι1.,
935 2638 969 2661 <ul

190 2675 293 2703 Rustic,
310 2673 382 2704 epist.
404 2679 438 2703 lv,
454 2674 478 2697 in
496 2674 555 2697 tine.
571 2687 600 2690 —
616 2674 626 2689 δ
640 2674 747 2703 (ti-eaor.
767 2675 837 2703 Nam,
854 2674 966 2704 .iJ.‹.lugs.,

189 2710 231 2734 lib.
257 2710 284 2734 11.
301 2722 331 2726 —-
353 2710 362 2725 ¹³
385 2709 402 2732 11
426 2710 494 2737 Com,
514 2715 574 2739 rin,
595 2710 618 2733 9.
640 2722 667 2726 -
690 2710 708 2725 ¹⁰
725 2710 777 2733 lme
794 2709 916 2739 Gautrid.,
938 2710 968 2732 alc

1027 276 1073 308 ad
1087 275 1292 310 Heliodorum
1305 278 1416 311 dicens
1425 282 1437 300 ⁶
1447 290 1455 311 ε
1467 291 1484 310 «
1495 279 1574 312 Nolo
1587 282 1620 313 te
1632 281 1734 323 hujus
1747 291 1803 324 pe-

1025 329 1252 370 regrinationis
1275 331 1432 364 deterreat
1461 334 1631 366 difficultas
1646 359 1656 374 ,
1685 335 1744 377 qui
1769 336 1806 368 in

1026 383 1186 415 Christum
1206 385 1326 424 credis;
1352 387 1408 418 sed
1427 387 1498 428 ejus
1522 387 1561 428 (α)
1578 389 1671 420 crede
1685 398 1805 422 sermo-

1023 437 1120 469 nibus
1136 447 1143 468 :
1160 438 1310 472 Primum
1323 441 1456 481 qucerite
1468 450 1603 483 reanum
1617 442 1688 481 Dei,
1699 446 1730 476 et
1738 443 1804 476 hoec

1024 492 1136 523 omnia
1159 491 1358 532 adjicientur
1376 494 1476 527 vobis.
1498 495 1569 528 Non
1583 505 1660 537 pera
1678 497 1738 528 tibi
1752 506 1805 529 su-

1024 545 1151 583 menda,
1167 546 1351 587 non'virga:
1362 547 1484 580 affatim
1494 549 1583 581 dives
1591 551 1649 589 est,
1657 550 1714 591 qui
1728 559 1804 583 cum

1024 597 1148 629 Christo
1166 607 1287 640 pauper
1306 602 1365 632 est.
1389 612 1404 630 »
1430 601 1542 641 Idem,
1566 602 1611 635 ad
1635 604 1805 637 Rusticum

1024 651 1217 684 Monachum
1230 653 1241 670 ⁷
1250 664 1263 685 .·
1278 665 1292 683 ι(
1302 653 1334 685 Si
1344 654 1443 686 habes
1453 656 1678 696 substantiam,
1687 658 1803 697 vende,

1023 706 1055 736 et
1068 705 1109 736 da
1121 706 1317 746 pauperibus
1324 718 1331 746 ;
1345 708 1373 738 si
1385 717 1450 740 non
1457 709 1566 748 habes,
1578 710 1696 750 grandi
1705 720 1804 744 onere

1023 758 1176 791 liberatus
1189 769 1222 791 es
1234 771 1241 799 ;
1258 761 1384 793 nudum
1397 761 1560 795 Christum
1575 764 1681 796 nudus
1691 774 1802 806 seque-

1023 822 1069 844 re.
1096 813 1218 845 Durum
1229 838 1239 853 ‚
1266 815 1404 855 grande,
1429 815 1575 855 difficile3
1603 817 1657 848 sed
1681 827 1803 858 magna

1023 868 1253 908 suntpraemia.
1270 880 1284 897 η
1305 868 1433 900 Constat
1447 871 1566 909 autem,
1583 871 1669 912 quod
1685 871 1801 904 duritia

1023 922 1054 951 et
1070 921 1240 952 difficultas
1255 930 1321 953 non
1335 924 1394 961 est,
1410 932 1485 954 cum
1500 925 1676 964 proprietas
1693 935 1804 958 rerum

1022 975 1248 1013 contemnitur,
1263 975 1325 1006 nisi
1337 976 1471 1016 penuria
1483 977 1664 1009 comitetur.
1681 979 1729 1010 Ad
1740 979 1804 1012 hoc

1023 1028 1132 1069 ipsum
1147 1030 1268 1069 spectat
1287 1029 1372 1070 quod
1387 1029 1463 1061 dicit
1478 1029 1653 1070 Gregorius
1668 1031 1804 1064 Nazian-

1023 1091 1121 1113 zenus
1134 1083 1168 1113 in
1179 1082 1338 1123 Apologia
1348 1092 1418 1122 sua,
1429 1084 1512 1116 libro
1521 1085 1659 1116 secundo
1674 1086 1698 1117 ⁸.
1717 1098 1732 1116 ιι
1741 1087 1804 1118 Sed

1023 1137 1254 1176 paupertatem,
1270 1147 1284 1164 n
1303 1136 1419 1177 inquit,
1435 1148 1449 1166 ι(
1462 1139 1494 1169 et
1506 1138 1674 1178 penuriam
1687 1149 1802 1180 expro-

1022 1189 1174 1220 brabunt.
1208 1189 1279 1220 lstae
1301 1192 1377 1221 sunt
1404 1190 1526 1222 divitiae
1550 1200 1641 1223 meae.
1670 1192 1731 1224 Ista
1749 1202 1801 1225 me

1022 1251 1088 1273 non
1102 1242 1206 1274 solum
1223 1242 1416 1282 gloriantem
1427 1267 1437 1282 ,
1459 1244 1513 1276 sed
1537 1245 1633 1276 etiam
1649 1255 1804 1286 arrogan-

1023 1298 1087 1327 tem
1110 1296 1192 1327 facit.
1216 1296 1332 1328 Videor
1348 1297 1434 1328 enim
1454 1298 1534 1328 mihi
1558 1298 1619 1329 hoe
1637 1300 1748 1332 audire
1763 1301 1803 1332 ab

1024 1350 1172 1389 inimicis,
1190 1351 1267 1391 quia
1280 1351 1427 1390 vestigiis
1449 1351 1533 1383 illius
1546 1352 1704 1392 incedam,
1719 1354 1776 1394 qui
1791 1355 1802 1371 ⁹

1020 1409 1148 1446 propter
1171 1413 1228 1438 nos
1247 1414 1372 1446 pauper
1401 1407 1507 1445 sactus
1533 1410 1589 1446 est,
1617 1416 1690 1440 cum
1713 1407 1803 1442 dives

1022 1464 1110 1492 essct.
1127 1461 1231 1501 Atque
1252 1461 1377 1492 utinam
1394 1471 1511 1493 exuere
1526 1471 1652 1502 possem
1668 1471 1720 1494 me
1736 1463 1803 1494 istis

1021 1514 1224 1554 panniculis,
1255 1515 1373 1554 quibus
1401 1515 1591 1546 circumdari
1614 1515 1743 1555 videor,
1767 1518 1805 1547 ut

1022 1567 1128 1598 nudus
1150 1568 1331 1607 effugerem
1350 1569 1457 1609 spinas
1482 1569 1590 1600 saeculi
1605 1593 1614 1606 ,
1635 1577 1708 1609 quae
1724 1569 1802 1600 reti-

1022 1624 1108 1660 nent,
1125 1624 1156 1652 et
1171 1624 1321 1653 revocant
1331 1625 1499 1662 pergentes
1512 1623 1551 1653 ad
1566 1622 1662 1654 Deum
1678 1624 1685 1653 l
1699 1634 1713 1651 n
1728 1623 1803 1654 Ilaec

1022 1676 1055 1706 S.
1079 1676 1265 1715 Gregorius.
1284 1676 1339 1706 llis
1349 1678 1501 1706 consonat
1511 1699 1520 1714 ,
1535 1675 1621 1715 quod
1636 1675 1710 1707 dicit
1726 1675 1800 1707 Ber-

1022 1729 1141 1759 nardus
1154 1730 1175 1747 ¹⁰
1192 1740 1198 1760 2
1218 1741 1232 1757 «
1247 1729 1389 1760 liabetur
1406 1729 1438 1759 in
1455 1729 1642 1768 Evangelio,
1659 1732 1690 1760 et
1704 1730 1803 1769 perte-

1021 1783 1134 1813 ctionis
1156 1783 1337 1821 consilium,
1352 1786 1382 1814 et
1397 1783 1575 1814 remedium
1593 1783 1800 1814 infirmitatis.

1022 1838 1040 1853 ¹¹
1058 1837 1161 1868 Nolite
1177 1837 1401 1869 mosam-[zare
1414 1837 1501 1868 vobis
1511 1838 1675 1869 thesauros
1693 1837 1730 1868 in
1742 1841 1803 1869 ter-

1022 1899 1070 1922 ra.
1095 1890 1167 1921 llcee
1192 1890 1339 1930 perfectio
1360 1893 1426 1929 cst,
1443 1890 1599 1930 siquidem
1623 1890 1722 1922 Filius
1744 1891 1801 1921 ho-

1022 1945 1135 1982 minis,
1162 1945 1217 1975 ubi
1242 1948 1334 1984 caput
1356 1944 1542 1982 reclinaret,
1566 1953 1630 1975 non
1653 1944 1800 1976 habebat.

1024 1998 1116 2029 Petro
1140 2001 1170 2029 et
1192 1999 1316 2037 Joanni,
1335 2008 1391 2029 nee
1406 2008 1533 2036 aurum,
1554 2007 1610 2029 nec
1630 2000 1802 2037 argentum

1023 2056 1101 2084 erat.
1122 2053 1240 2084 Paulus
1256 2053 1390 2092 simplici
1408 2053 1492 2083 victu
1505 2055 1535 2083 et
1547 2053 1661 2083 vestitu
1677 2054 1803 2083 conten-

1021 2111 1073 2139 tus
1087 2132 1095 2146 ³
1113 2108 1181 2138 ha³c
1203 2108 1270 2148 ipsa
1296 2108 1402 2138 labore
1424 2117 1582 2138 manuum
1606 2108 1799 2147 acquirebat.

1022 2162 1082 2192 Sed
1106 2171 1171 2192 non
1192 2171 1302 2192 omnes
1322 2162 1452 2201 capiunt
1477 2162 1610 2192 verbum
1626 2161 1706 2200 hoc,
1721 2162 1803 2192 sicut

1023 2225 1080 2246 nec
1109 2215 1276 2246 consilium
1301 2215 1462 2245 castitatis.
1487 2226 1500 2243 »
1529 2215 1701 2255 llucusque
1723 2214 1802 2246 Ber-

1022 2269 1151 2300 nardus.
1176 2268 1358 2299 Gennadius
1381 2278 1527 2308 quoque,
1544 2268 1582 2300 de
1600 2268 1802 2301 Ecclesiasti-

1021 2323 1068 2354 εἰς
1092 2322 1292 2363 dogmatibus
1309 2323 1329 2339 ¹²
1344 2332 1354 2354 .·
1369 2334 1383 2351 «
1400 2321 1524 2353 Bonum
1549 2324 1615 2360 est,
1643 2333 1657 2349 υ
1684 2322 1799 2362 inquit,

1026 2389 1039 2406 «
1060 2376 1222 2407 facultates
1245 2386 1319 2407 cum
1345 2376 1579 2416 dispensatione
1609 2375 1800 2415 pauperibus

1021 2439 1173 2470 erogare,
1198 2431 1252 2462 sed
1278 2431 1391 2461 melius
1415 2433 1462 2461 est
1484 2439 1541 2470 pro
1558 2430 1731 2461 intentione
1751 2437 1800 2459 se—

1022 2517 1110 2547 mllnq.
1131 2516 1226 2540 Simon.
1248 2524 1302 2539 curn
1327 2516 1397 2542 ch'u.
1422 2523 1447 2539 n.
1473 2517 1500 2545 S,
1524 2516 1589 2539 inter
1608 2514 1692 2546 spuria
1714 2515 1800 2544 Rern„

1022 2555 1093 2584 Opwr.
1115 2554 1178 2575 tom.
1202 2553 1237 2579 ll,
1262 2552 1322 2576 edit.
1347 2554 1413 2575 1090.
1436 2564 1465 2569 -
1489 2552 1506 2567 ¹¹
1527 2550 1625 2580 Midili,
1649 2556 1687 2579 xl,
1719 2552 1754 2573 10.
1771 2563 1800 2566 —

1023 2591 1043 2605 Η
1065 2588 1191 2616 tiennad„
1217 2588 1244 2611 <le
1270 2588 1337 2612 liet-l.
1360 2589 1461 2617 Dossmq
1483 2593 1597 2617 xxxviii,
1618 2586 1649 2610 al.
1672 2587 1715 2616 7¹,
1735 2586 1801 2609 inter

1022 2626 1098 2655 Opcr.
1114 2626 1190 2654 Aug,
1207 2624 1326 2654 Appenni.
1343 2626 1404 2647 laun.
1423 2623 1487 2646 l'lll.

1055 2675 1086 2704 (ιι)
1104 2674 1178 2705 Apud
1192 2674 1293 2697 lla-ron.
1309 2673 1451 2697 difficultas.
1465 2672 1512 2701 Qui
1525 2672 1550 2696 in
1566 2671 1694 2696 Christum
1709 2671 1799 2701 credis,

1024 2717 1088 2740 ejus,
