2029 3052
619 207 905 242 RESPONslole
928 208 1086 242 TERTlAE
1108 210 1239 244 CAPUT
1262 212 1316 244 ΙΙΙ.

162 279 242 312 solet
255 287 323 311 esse
337 277 461 310 occasio
475 276 589 318 culpae.
607 276 696 308 Unde
712 278 744 308 et
759 277 893 318 ipsemet
908 277 940 308 in

161 333 431 375 consequentibus
445 330 600 373 exemplis
609 331 732 372 sibiipsi
742 331 939 370 contradicit,

162 397 236 420 cum
255 387 367 420 asserit
388 387 457 418 illos
476 389 601 418 sanctos
622 387 728 426 patres
748 395 813 417 non
835 385 939 417 solum

162 443 231 474 sine
245 442 350 483 culpa,
367 441 421 472 sed
436 441 531 472 etiam
547 449 621 471 cum
636 440 839 480 perfectione,
854 440 940 470 bona

161 495 231 527 haec
255 494 443 535 temporalia
465 493 650 535 possedisse.
677 493 740 533 Ipsi
761 493 858 524 etiam
880 492 941 524 Le—

160 549 247 587 vitae,
265 549 320 590 qui
332 557 452 580 uxores
466 547 636 586 habebant,
653 549 684 578 et
696 547 790 586 filios,
817 548 940 578 constat

159 603 247 644 quod
268 603 376 643 aliqua
399 602 527 643 propria
546 602 760 642 possidebant,
787 601 874 642 quod
890 603 938 632 ta-

159 666 236 688 men
271 657 420 697 superius
449 656 487 687 de
515 656 707 696 perfectione
738 655 937 687 laudaverat.

158 711 229 753 Ipse
248 712 345 744 etiam
367 711 506 753 populus
526 711 717 742 israeliticus
738 713 857 742 terram
882 720 938 752 pa-

158 767 261 798 tribus
275 767 502 807 repromissam
519 766 663 806 adeptus,
677 766 797 806 absque
810 768 938 807 peccato

158 821 324 852 distinctas
338 822 370 851 et
386 819 530 860 proprias
551 820 712 859 portiones
735 820 866 860 accepit.
886 820 939 851 In-

158 881 254 914 super
267 883 355 904 nunc
368 873 519 904 revelatae
534 873 648 913 gratiae
660 874 814 913 tempore,
827 881 939 904 secun-

156 926 235 958 dum
250 927 328 958 scita
342 927 455 967 legum
470 930 501 959 et
515 936 674 958 canonum
685 951 694 966 ,
716 928 804 967 juste
819 929 849 958 et
864 936 936 958 san-

155 984 203 1013 cte
218 982 324 1013 aditur
339 984 370 1013 et
393 981 571 1022 possidetur
593 981 776 1019 haereditas,
802 990 866 1012 non
885 990 936 1012 so-

155 1035 226 1066 lum
241 1035 275 1066 in
290 1035 477 1076 partialibus
491 1035 702 1075 patrimoniis,
720 1035 774 1066 sed
793 1035 889 1066 etiam
904 1035 938 1066 in

154 1089 384 1130 principatibus
407 1091 439 1121 et
461 1089 585 1129 regnis,
611 1089 694 1120 sicut
717 1088 785 1128 ipse
804 1089 938 1120 inferius

154 1142 193 1174 de
211 1143 428 1182 Constantino,
447 1142 649 1183 Raymundo,
668 1144 698 1174 et
717 1143 874 1173 similibus
889 1143 937 1173 fa—

154 1197 250 1228 tetur.
277 1196 349 1228 Non
363 1206 442 1237 ergo
458 1197 636 1237 proprietas
651 1198 698 1227 est
712 1197 793 1228 ratio
808 1197 935 1228 abdica-

153 1249 261 1289 tionis,
278 1250 360 1282 sicut
374 1250 452 1282 falso
467 1251 621 1289 insinuat,
634 1251 727 1291 quasi
737 1260 865 1291 semper
875 1250 936 1281 sibi

153 1303 193 1334 sit
207 1307 373 1344 peccatum
388 1313 563 1335 annexum.
581 1303 665 1335 Sane
680 1305 766 1344 quod
781 1305 857 1335 dicit
873 1304 936 1335 Cle-

153 1357 306 1396 mentina,
323 1358 409 1398 quod
425 1367 482 1398 pro
497 1358 665 1399 iniquitate
686 1358 769 1389 alius
785 1358 860 1389 dicit
874 1358 936 1389 hoc

152 1419 221 1442 esse
236 1420 345 1450 suum,
358 1411 440 1442 alius
451 1411 540 1451 illud,
555 1421 620 1443 non
632 1414 679 1443 est
689 1412 935 1451 intelligendum

154 1465 358 1504 generaliter,
379 1465 434 1496 sed
455 1468 491 1496 ut
512 1466 546 1496 in
567 1466 729 1506 pluribus3
753 1466 805 1498 vel
820 1466 934 1497 intelli-

152 1518 299 1557 gendum
321 1520 378 1557 est,
402 1519 488 1558 quod
512 1519 701 1559 hujusmodi
717 1519 935 1559 appropriatio

155 1571 316 1603 descendit
326 1581 367 1602 ex
380 1572 546 1612 iniquitate
558 1573 738 1613 primorum
750 1575 932 1613 parentum,

151 1625 237 1665 quod
252 1625 313 1656 nisi
330 1625 375 1656 illi
396 1628 589 1666 peccassent,
610 1627 796 1667 hujusmodi
819 1636 933 1667 appro-

151 1679 266 1719 priatio
279 1689 344 1710 non
355 1680 475 1711 fuisset.
492 1679 562 1711 Non
576 1683 683 1712 tamen
699 1691 739 1712 ex
752 1682 813 1713 hoc
829 1682 934 1722 sequi-

150 1734 217 1771 tur,
239 1733 324 1773 quod
347 1734 451 1764 omnis
471 1735 686 1774 appropriatio
705 1735 745 1766 sit
766 1745 841 1767 cum
859 1746 934 1776 pec-

150 1788 231 1825 cato,
248 1787 324 1827 quia
338 1797 379 1818 ex
394 1788 660 1827 praevaricatione
679 1789 860 1829 primorum
881 1800 933 1830 pa-

150 1842 291 1878 rentum,
311 1850 377 1871 non
390 1841 494 1872 solum
510 1844 638 1882 peccata
654 1843 861 1882 descendunt,
879 1844 933 1874 sed

150 1894 247 1925 etiam
263 1903 367 1934 poeuae
383 1898 597 1935 peccatorum.
620 1896 706 1927 Licet
725 1899 833 1928 auten]
850 1897 932 1928 diw-

150 1948 214 1987 tiae,
231 1950 297 1979 tani
317 1957 516 1987 communes,
536 1959 635 1990 quam
652 1950 800 1990 proprIae,
821 1950 933 1981 haberi

149 2003 181 2033 et
195 2002 350 2042 possideri
371 2003 499 2034 valeant
522 2004 640 2044 absque
661 2006 802 2044 peccato,
825 2006 933 2035 tamen

150 2065 203 2087 eas
217 2056 400 2097 relinquere
416 2057 616 2097 perfectionis
627 2060 684 2096 est,
698 2058 774 2098 quia
785 2058 865 2089 sicut
875 2058 934 2089 im-

149 2110 298 2150 perfectio
314 2110 352 2141 de
367 2120 400 2141 se
415 2120 480 2142 non
493 2111 568 2142 dicit
582 2111 722 2152 culpam,
736 2114 772 2142 ut
783 2121 822 2143 ex
835 2121 932 2152 supra

150 2164 240 2194 dletis
260 2167 402 2205 apparet,
428 2166 472 2196 510
489 2168 520 2196 et
542 2166 692 2206 perfectio
716 2175 782 2197 non
805 2168 932 2197 tantum

150 2217 225 2248 dicit
251 2219 381 2258 justitiae
410 2220 633 2251 rectitudinem
647 2245 656 2259 ,
691 2230 806 2252 verum
835 2220 932 2251 etiam

150 2271 386 2311 expeditionem
403 2282 411 2304 t
428 2283 527 2313 quam
548 2274 678 2314 quidem
696 2274 931 2314 expeditionem

150 2324 283 2364 divitiae,
300 2326 377 2366 quia
391 2327 584 2359 illecebrosae
596 2330 626 2359 et
640 2328 837 2368 periculosae,
851 2337 931 2367 pree-

151 2378 294 2419 pediunt.
312 2379 400 2411 Unde
417 2380 604 2420 Gregorius,
621 2381 704 2413 libro
727 2383 841 2422 quarto
861 2382 931 2413 MO-

151 2433 290 2465 ’ναίῑιινηι
309 2445 315 2465 :
337 2446 351 2463 «
367 2434 488 2466 Rarum
502 2435 595 2467 valde
610 2437 666 2473 est,
693 2438 729 2466 ut
751 2435 808 2476 qui
828 2435 930 2475 possi-

150 2486 225 2517 dent
239 2497 367 2527 aurum,
385 2489 424 2520 ad
447 2489 591 2529 requiem
610 2489 751 2527 tendant,
778 2498 850 2520 cum
873 2498 930 2529 per

151 2541 352 2581 semetipsam
375 2542 495 2574 Veritas
510 2543 592 2574 dIcat
604 2544 615 2560 ²
632 2554 639 2574 z
659 2543 759 2578 Quam
773 2542 927 2582 difficile,

150 2595 208 2633 qui
226 2598 380 2634 pecunias
402 2597 528 2637 liabent,
552 2597 722 2629 intrabunt
743 2598 780 2629 in
796 2605 929 2637 regnum

181 2674 189 2690 ¹
211 2675 297 2707 Greg.,
319 2678 419 2707 Mor-al..
440 2678 482 2703 lib.
505 2679 547 2707 lV,
567 2679 650 2710 praet,
670 2685 692 2702 c.
710 2684 750 2702 111.
766 2690 795 2695 -
814 2678 823 2692 ⁵2
839 2677 929 2708 Marc„

150 2717 182 2742 x,
204 2713 242 2737 23.
262 2725 293 2730 -
314 2713 323 2729 ⁸
344 2714 461 2746 Gregor„
483 2715 594 2746 Dial09.,
615 2714 660 2738 lib.
686 2714 728 2744 lV,
751 2722 773 2737 c.
794 2719 883 2736 xxxix.
900 2725 927 2730 —

292 2767 367 2790 TOM.
390 2769 457 2792 XIV.

1714 223 1770 252 481

995 278 1167 312 caelorum!
1181 290 1196 309 n
1216 280 1302 312 idem
1318 280 1414 313 etiam
1443 282 1478 313 in
1496 285 1612 323 quarto
1629 285 1775 328 Dialoqo-

995 339 1067 364 rum
1083 333 1094 350 ³
1111 344 1118 364 :
1140 333 1250 366 «Cura
1264 335 1310 367 rei
1328 335 1493 368 familiaris
1513 346 1579 369 non
1597 338 1665 371 sine
1679 341 1775 382 culpa

994 385 1112 426 agitur,
1131 388 1227 419 etiam
1241 389 1282 420 ab
1297 390 1358 429 1115,
1375 391 1430 431 qui
1445 391 1582 431 qualiter
1596 394 1705 434 culpas
1719 395 1774 427 de-

994 438 1112 471 clinare
1127 441 1262 474 debeant
1276 444 1391 476 sciunt.
1407 456 1422 474 n
1452 444 1490 476 Et
1506 445 1656 478 Rabanus
1679 457 1776 489 super

993 491 1181 526 Matthaeum
1197 507 1203 526 :
1226 508 1240 526 «
1255 497 1402 537 Difficile,
1421 499 1481 530 hoc
1501 501 1560 538 est,
1579 501 1714 532 maximi
1728 502 1777 534 la-

993 546 1080 578 boris
1095 550 1152 587 est,
1169 552 1322 590 pecunias
1337 553 1503 592 habentes,
1516 554 1566 586 vel
1581 555 1614 586 in
1629 557 1774 596 pecuniis

993 602 1201 644 considenteS,
1229 607 1336 637 exutis
1353 608 1563 649 philargyriae
1578 610 1773 651 retinaculis,

993 655 1101 687 aulam
1117 658 1214 697 regni
1233 660 1370 691 coelestis
1390 661 1521 694 intrare.
1544 662 1676 705 Propter
1690 666 1777 706 quod

993 718 1143 741 securum
1162 714 1209 743 est
1230 713 1358 745 divitias
1371 715 1496 755 fugere,
1517 718 1548 747 et
1562 726 1615 748 eas
1630 718 1777 751 abdicare

993 764 1181 804 perfectum.
1210 766 1298 798 Unde
1324 767 1540 810 Hieronymus
1555 771 1599 802 ait
1615 772 1645 803 ⁶:
1667 784 1681 802 c(
1696 774 1778 814 Apo-

993 817 1095 848 stolIci
1109 819 1231 859 fastigii
1245 823 1304 860 est,
1321 822 1535 864 perfectaeque
1555 825 1683 857 virtutis
1698 837 1776 859 ven-

993 871 1067 902 dere
1082 873 1201 912 omnIa,
1219 876 1250 905 et
1260 877 1456 916 pauperibus
1469 877 1672 919 distribuere,
1690 883 1721 912 et
1732 882 1777 913 sic

992 923 1096 956 levem
1112 928 1143 957 et
1157 928 1344 968 expeditum
1360 939 1433 962 cum
1446 930 1570 964 Christo
1585 932 1626 964 ad
1640 934 1778 966 coelestia

993 978 1177 1012 subvolare.
1195 992 1210 1010 υ

1034 1033 1134 1065 Porro
1157 1036 1315 1076 exempla,
1340 1047 1414 1078 quae
1434 1039 1604 1080 subJ'ungit
1623 1042 1662 1073 de
1677 1044 1776 1083 patri-

992 1087 1064 1126 bus,
1076 1088 1333 1122 inconvenientia
1343 1094 1418 1123 sunt
1433 1093 1473 1124 ad
1484 1095 1696 1135 propositum.
1711 1097 1778 1129 Pri-

993 1150 1085 1172 mum
1100 1143 1242 1183 quidem,
1259 1145 1335 1184 quia
1351 1155 1416 1178 11011
1427 1156 1460 1178 50
1470 1149 1774 1192 expropriaverunt,

992 1197 1028 1225 ut
1043 1195 1094 1226 hic
1105 1197 1182 1228 falso
1196 1199 1366 1238 confingit,
1392 1200 1511 1241 dicens,
1526 1204 1609 1243 quod
1621 1204 1777 1238 Dominus

992 1251 1139 1281 sanctum
1155 1251 1332 1292 Abraham,
1347 1255 1476 1295 propria
1488 1256 1674 1290 haereditate
1689 1260 1777 1291 dere-

991 1303 1076 1343 licta,
1098 1306 1224 1337 nudum
1247 1307 1286 1338 de
1310 1309 1396 1339 terra
1416 1318 1473 1341 sua
1494 1311 1583 1343 exire
1607 1314 1724 1353 coegit,
1746 1317 1777 1346 et

990 1360 1152 1399 praecepit.
1185 1360 1266 1391 Nam
1298 1364 1328 1392 et
1350 1364 1458 1394 textus
1485 1364 1641 1398 Geneseos
1667 1372 1776 1409 aperte

991 1413 1187 1452 contradicit,
1208 1415 1265 1446 uhi
1283 1416 1358 1447 dicit
1377 1419 1386 1436 ⁵
1405 1419 1588 1458 :Egressus
1607 1425 1654 1454 est
1675 1422 1774 1455 Abra-

989 1465 1085 1505 ham,
1111 1468 1196 1500 sicut
1217 1471 1416 1510 praecepitei
1439 1473 1615 1513 Dominus,
1637 1476 1775 1517 tulitque

992 1519 1107 1552 Seram
1122 1530 1254 1554 uxorem
1269 1532 1376 1563 suam,
1394 1527 1422 1557 ec
1441 1526 1520 1558 Loth
1535 1528 1647 1566 filium
1658 1531 1774 1569 fratris

989 1575 1053 1613 sui,
1072 1576 1321 1618 universamque
1341 1579 1559 1614 substantiam
1582 1591 1681 1623 quam
1698 1593 1772 1624 pos-

990 1628 1151 1669 sederant,
1169 1634 1198 1663 ec
1212 1632 1352 1672 inpressi
1366 1636 1442 1666 sunt
1455 1638 1490 1667 ut
1504 1637 1589 1669 irene
1604 1639 1641 1669 in
1657 1642 1773 1671 terram

992 1683 1166 1715 Clzanaam.
1190 1685 1280 1722 Quod
1301 1690 1410 1718 autem
1433 1688 1539 1728 Jacob,
1560 1690 1688 1732 Joseph,
1712 1693 1772 1725 Da-

989 1737 1043 1768 vid
1068 1737 1239 1778 aliquando
1262 1739 1296 1770 in
1319 1744 1505 1781 paupertate
1531 1744 1680 1785 suerunt,
1712 1747 1772 1779 hoc

990 1791 1095 1830 magis
1115 1791 1175 1822 fuit
1198 1794 1345 1831 urgentis
1371 1797 1577 1836 necessitatis,
1604 1808 1702 1838 quam
1718 1810 1772 1832 vo-

989 1844 1136 1876 luntariae
1152 1848 1430 1886 expropriationis.
1455 1850 1544 1887 Quod
1562 1862 1637 1884 vero
1662 1854 1771 1886 Daniel

989 1899 1098 1929 omnia
1119 1909 1177 1930 sua
1202 1901 1406 1941 vendiderat,
1432 1904 1508 1944 quia
1531 1905 1570 1937 de
1599 1906 1771 1948 Scripturis

989 1953 1211 1984 auctoritatem
1224 1955 1407 1995 nonhabet,
1421 1958 1448 1988 si
1462 1959 1618 1998 sapientia
1633 1961 1770 1995 Danielis

988 2006 1099 2037 fuisset
1124 2007 1278 2047 imbutus,
1301 2018 1507 2051 nequaquam
1530 2014 1715 2048 adduxisset
1736 2018 1770 2050 in

989 2060 1133 2091 medium
1148 2085 1157 2098 ,
1189 2062 1264 2101 quia
1287 2064 1477 2102 prudentius
1499 2067 1624 2100 silentio
1646 2071 1770 2111 tegitur

988 2112 1074 2151 quod
1086 2112 1153 2142 Scri
1158 2115 1327 2152 pturarum
1340 2116 1518 2148 testimonio
1527 2128 1591 2150 nou
1602 2122 1767 2160 probatur.

989 2164 1136 2196 Secunda
1157 2167 1237 2198 ratio
1263 2170 1319 2207 est,
1344 2178 1443 2209 quare
1463 2171 1620 2204 dictorum
1638 2178 1768 2215 patrum

989 2220 1136 2260 exempla
1157 2230 1222 2251 non
1244 2225 1439 2261 congruunt,
1463 2225 1538 2264 quia
1554 2236 1628 2258 011111
1644 2231 1769 2269 perfec-

988 2273 1074 2304 tione
1086 2274 1213 2305 virtutis
1223 2275 1346 2315 aliquos
1357 2276 1541 2310 habuerunt
1551 2283 1640 2313 actus
1650 2285 1768 2316 extrin-

988 2337 1087 2365 secOS,
1109 2328 1284 2359 secundun]
1307 2330 1504 2369 exigentiam
1527 2336 1690 2376 temporis,
1712 2340 1767 2379 qui

987 2381 1071 2412 trahi
1082 2391 1146 2411 11011
1159 2385 1293 2421 possunt
1304 2383 1338 2414 in
1353 2387 1540 2426 exemplum
1552 2390 1765 2432 perfectionis,

987 2435 1070 2466 sicut
1089 2435 1122 2465 in
1145 2435 1337 2468 patriarchis
1362 2439 1529 2479 pluralitas
1544 2452 1686 2476 uxorum
1699 2470 1706 2483 ‚
1733 2447 1767 2478 in

987 2488 1087 2520 David
1104 2490 1274 2521 strenuitas
1284 2492 1323 2523 ad
1339 2493 1537 2535 bellandum,
1550 2499 1580 2527 et
1590 2497 1622 2528 in
1634 2498 1704 2530 Elia
1717 2510 1766 2532 00-

987 2543 1063 2574 cisio
1078 2544 1309 2584 prophetarum
1321 2546 1410 2586 Baal;
1436 2551 1466 2580 et
1479 2550 1506 2580 si
1519 2560 1592 2582 011111
1607 2552 1675 2584 istis
1692 2564 1764 2594 per·
1796 2566 1798 2568 ·

985 2597 1153 2628 sectionem
1176 2603 1396 2640 servaverunt,
1422 2604 1527 2643 magis
1548 2606 1762 2648 admirabiles,

986 2679 995 2694 '⁴
1012 2678 1171 2709 marouwa,
1192 2679 1226 2703 αι’]
1248 2681 1410 2713 mmm-tad„
1430 2684 1502 2714 epist.
1524 2692 1585 2716 viil,
1606 2688 1654 2712 col.
1675 2690 1715 2713 73.
1733 2703 1764 2708 —-

986 2715 995 2730 ⁶
1009 2715 1079 2744 (im,
1096 2721 1144 2743 Ι1111,
1160 2716 1182 2738 5.

1584 2771 1618 2799 31
