2029 3052
238 230 297 261 580

237 295 377 337 pecunia
390 294 425 325 in
438 293 532 326 bonis
545 293 626 334 eJus‚
640 291 740 324 donec
755 290 796 322 sit
808 298 867 331 pro
877 289 1014 320 fratrum

237 347 477 380 necessitatibus
500 347 705 378 commutata.
730 343 888 384 Amplius,
911 350 1014 383 pona-

237 411 323 442 mus,
341 401 427 443 quod
454 400 597 432 intendat
617 409 650 431 se
665 398 786 439 privari
800 396 942 428 dominio
957 404 1013 436 pe-

237 455 356 494 cuniae,
373 454 481 486 statim
495 455 533 485 ut
547 456 595 485 est
609 452 720 484 alienis
740 450 892 483 fratribus
906 449 1015 480 famu·
1025 449 1032 458 ‘

236 510 297 541 lari
313 508 557 540 commendata:
572 507 653 546 dico,
678 505 766 547 quod
785 504 891 536 adhuc
915 512 934 534 a
953 503 1015 534 fra-

236 564 341 595 tribus
364 571 432 594 non
457 561 622 602 recipitur,
647 569 724 591 cum
744 567 810 590 non
834 557 1013 595 intendant,

237 618 324 659 quod
339 617 447 658 aliqua
458 625 517 657 pro
533 615 579 647 eis
592 614 764 655 recipiatur
777 611 916 654 pecunia
933 611 1015 642 sicut

237 681 307 710 sua,
323 680 382 702 nec
397 670 530 702 omnino
549 668 760 706 consentiant,
778 666 864 708 quod
878 666 925 697 eis
938 674 1012 706 pos-

237 725 334 757 sessio
348 724 550 765 acquiratur;
566 723 634 754 sine
655 730 813 754 consensu
827 725 936 752 autem
949 728 1015 750 non

236 779 414 820 acquiritur
435 777 601 819 possessio.
629 775 718 807 Unde
741 775 816 806 dicit
839 774 904 812 lex,
920 773 953 804 ff.
974 773 1013 805 de

236 832 437 873 acquirenda
463 839 570 864 rerum
590 828 812 871 proprietate¹,
830 827 928 869 quod,
951 839 966 857 «
980 827 1014 858 in

236 887 412 918 amittenda
434 885 644 926 possessione,
662 883 787 915 affectio
806 883 878 923 ejus
902 882 942 922 (a)
957 882 1014 923 qui

236 941 385 982 possidet,
414 942 461 972 est
483 938 648 970 intuenda.
674 938 783 978 ltaque
804 937 831 967 si
855 937 888 967 in
916 936 1015 967 fundo

236 995 279 1026 sis
288 995 338 1035 (b),
356 996 388 1025 et
402 996 510 1025 tamen
522 992 663 1024 nolueris
672 1001 746 1023 eum
762 990 933 1032 possidere,
945 998 1016 1030 pro·

235 1049 322 1081 tinus
336 1047 462 1078 amittes
483 1046 518 1086 (c)
544 1045 788 1086 possessionem.
806 1055 820 1072 »
840 1042 903 1074 Nec
918 1043 1015 1074 etiam

236 1103 304 1133 sine
318 1101 482 1134 voluntate
505 1099 668 1131 donatoris
693 1098 883 1129 transfertur
909 1096 1017 1128 domi-

237 1157 340 1194 nium,
355 1159 392 1186 ut
406 1156 491 1195 patet
503 1154 537 1184 fl.
552 1155 594 1185 De
607 1151 808 1193 acquirenda
821 1159 928 1183 rerum
941 1158 1015 1191 pro-

235 1210 375 1250 prietate
392 1212 422 1242 et
441 1208 620 1241 dominio&
637 1206 726 1237 Unde
750 1215 824 1237 cum
845 1205 936 1236 dator
962 1214 1016 1244 pe-

236 1264 341 1295 cuniae
357 1262 501 1294 intendat
524 1270 594 1292 eam
617 1260 704 1298 dare,
730 1262 839 1290 tamen
864 1261 901 1289 ut
920 1258 1017 1298 possit

237 1318 271 1348 in
286 1318 419 1348 fratrum
437 1324 533 1347 usum
550 1314 704 1351 converti,
718 1321 885 1352 nunquam
899 1312 970 1343 vult
985 1311 1015 1342 in

237 1381 292 1403 eos
314 1371 494 1403 dominium
524 1368 700 1405 transferri,
726 1367 780 1398 sed
811 1369 937 1398 tantum
959 1375 1016 1406 pro

236 1425 382 1466 ipsorum
390 1423 632 1456 necessitatibus
640 1421 842 1453 commutari.
855 1420 1017 1452 Ponamus

236 1481 322 1522 quod
336 1479 471 1521 pecunia
485 1478 629 1508 tradatur
653 1485 709 1517 per
734 1485 848 1506 manus
875 1475 1018 1505 diversas

238 1543 341 1575 usque
355 1533 394 1564 ad
418 1532 626 1563 centesimam
650 1538 820 1568 personam
848 1529 950 1559 datori
967 1537 1018 1568 pc-

237 1589 326 1620 nitus
341 1588 508 1627 ignotam:
529 1585 610 1623 dico,
627 1583 712 1624 quod
735 1583 840 1614 adhuc
862 1583 970 1613 manet
984 1581 1016 1612 in

238 1643 330 1675 bonis
345 1642 433 1681 ejus3
451 1649 488 1671 eo
513 1639 598 1670 enim
623 1638 717 1669 modo
739 1646 803 1677 quo
821 1636 924 1668 tenuit
945 1645 1015 1667 eam

239 1696 425 1729 auctoritate
440 1703 499 1725 sua
511 1693 646 1733 primus,
665 1694 748 1722 tenet
764 1691 934 1727 secundus,
951 1692 1016 1721 ter-

239 1752 313 1789 tius,
342 1752 373 1781 et
397 1748 596 1785 millesimus,
621 1746 695 1786 quia
722 1745 796 1776 dicit
823 1745 886 1783 lex,
916 1743 951 1774 ff.
974 1743 1016 1775 De

240 1804 436 1846 acquirendo
463 1810 568 1835 rerum
597 1800 753 1838 dominio,
779 1798 864 1839 quod
891 1797 1017 1828 traditio

240 1859 321 1891 nihil
329 1857 468 1898 amplius
483 1856 653 1887 transferre
665 1854 768 1892 debet,
784 1852 836 1884 vel
854 1853 966 1892 potest,
978 1851 1017 1882 ad

240 1923 315 1945 eum
330 1912 387 1953 qui
400 1910 523 1951 accipit,
540 1918 638 1950 quam
653 1908 736 1948 apud
752 1916 826 1938 eum
844 1906 901 1946 qui
919 1905 1017 1936 tradi-

241 1967 296 1998 dit.
315 1966 401 1997 Unde
415 1973 540 2004 semper
552 1964 653 2003 potest
663 1964 802 2001 repetere
818 1959 1016 2000 hujusmodi,

241 2022 323 2052 sicut
337 2029 441 2058 suam,
459 2018 514 2058 qui
530 2018 631 2057 ipsam
646 2025 703 2056 pro
719 2016 854 2045 fratrum
879 2013 1018 2044 necessi-

241 2075 359 2106 tatibus
372 2072 591 2105 commendat:
611 2071 712 2110 potest
724 2069 811 2100 enim
825 2070 950 2099 mutare
966 2076 1020 2098 vo-

242 2129 399 2160 luntatem
415 2136 520 2165 suam,
533 2128 563 2156 et
577 2134 635 2165 pro
649 2126 737 2155 tanto
753 2125 905 2163 repetere.
918 2122 1019 2153 Aliter

242 2186 290 2214 est
319 2183 351 2212 in
381 2181 502 2213 ultimis
529 2179 746 2211 voluntatibus
773 2177 1017 2213 defunctorum,

243 2236 319 2276 quia
332 2236 481 2266 voluntas
496 2242 608 2265 eorum
623 2234 668 2263 est
684 2231 866 2268 immobilis,
883 2232 914 2261 et
935 2230 1018 2268 ideo,

243 2290 269 2320 si
284 2289 451 2328 contingat
475 2289 660 2318 executores
686 2287 827 2325 repetere
850 2283 1018 2324 pecuniam

243 2344 410 2381 malitiose,
437 2351 493 2382 pro
515 2342 649 2371 fratrum
668 2338 907 2370 necessitatibus
929 2346 1019 2368 com-

244 2398 438 2435 mendatam,
462 2405 527 2427 non
551 2398 595 2426 cst
622 2393 826 2431 restituenda,
852 2401 926 2423 cnm
956 2392 1020 2422 sint

243 2451 394 2483 contrarii
410 2451 509 2491 ipsius
529 2448 688 2480 testatoris
712 2448 833 2479 ultimae
848 2446 1018 2478 voluntati.

244 2506 333 2544 Quod
348 2506 373 2536 si
400 2505 458 2544 ipsi
476 2503 632 2534 malitiose
656 2502 826 2542 pecuniam
848 2500 1019 2539 detineant,

243 2563 351 2592 contra
375 2561 511 2590 formam
536 2556 727 2594 testamenti,
745 2565 802 2586 nec
826 2564 896 2585 cam
922 2554 1021 2586 velint

243 2614 468 2646 commendare
485 2613 577 2643 alicui
594 2612 677 2642 [ideli
693 2620 751 2651 pro
767 2610 901 2641 fratrum
914 2618 1021 2640 neces-

274 2696 403 2727 ¹Dl98.s·!.,
416 2695 459 2718 lib.
474 2694 537 2721 XLl,
554 2693 590 2717 til..
608 2694 631 2716 sl.
642 2706 671 2710 —
684 2693 694 2708 ²
709 2692 783 2721 ibid„
799 2691 836 2714 tlt..
854 2696 868 2721 l,
883 2698 905 2714 υ.
922 2691 1021 2714 Lirim-‹1-

243 2739 345 2763 quoque.
366 2745 396 2749 —
415 2731 425 2748 ³
440 2731 516 2761 Aug„
531 2731 559 2752 tle
582 2730 659 2753 certe.
677 2730 732 2757 Im,
748 2728 791 2751 lib,
811 2728 869 2756 vn,
887 2734 909 2750 c.
927 2732 973 2750 xu.

938 217 1145 253 EXPOSITIO

1069 287 1215 319 sitatibus
1239 287 1498 329 dispensandam,
1514 291 1642 330 possent
1662 288 1777 322 fratres
1789 297 1846 322 or-

1068 341 1202 374 dinariis
1227 343 1418 376 denuntiare
1444 343 1599 384 injuriam
1627 343 1784 382 defuncti,
1814 345 1846 375 et

1068 404 1173 435 suam,
1200 396 1270 427 sine
1296 397 1499 437 perfectionis
1522 406 1591 429 suae
1617 397 1726 438 aliquo
1751 397 1849 428 detri-

1069 450 1188 488 mento,
1206 459 1264 481 nec
1277 451 1384 482 tamen
1398 450 1594 492 ,iudicialiter
1607 452 1751 491 repetere
1766 450 1850 482 sicut

1068 511 1173 541 suam,
1198 503 1349 544 quamvis
1371 505 1412 535 sit
1434 504 1481 536 eis
1505 504 1612 536 debita
1635 512 1848 546 quaecumque

1068 556 1172 596 portio
1185 557 1380 589 testamenti.
1399 557 1490 596 Quod
1505 558 1533 589 si
1556 567 1683 599 quaeras
1701 559 1796 599 cujus
1809 557 1850 589 sit

1069 610 1205 650 pecunia
1229 610 1363 651 legata?
1378 612 1448 644 dico
1463 612 1550 653 quod
1565 614 1674 644 manet
1695 613 1731 644 in
1755 611 1849 644 honis

1068 664 1207 696 defuncti
1236 666 1421 706 erogandis,
1446 676 1513 699 non
1533 667 1717 700 haeredibus
1743 676 1848 699 reser-

1068 718 1192 750 vandis.
1221 719 1310 751 Unde
1335 720 1362 751 si
1390 720 1504 752 fratres
1527 729 1600 752 eam
1624 720 1757 753 omnino
1779 729 1847 752 res-

1068 775 1178 812 puant,
1195 773 1289 805 debet
1308 773 1379 805 aliis
1399 774 1596 815 pauperibus
1615 774 1753 814 erogari.
1769 773 1847 806 Fra-

1068 829 1132 858 tres
1152 827 1257 867 igitur
1279 828 1367 860 nullo
1391 829 1499 869 modo,
1526 838 1586 861 nec
1607 829 1643 860 in
1667 829 1846 870 pecoribus,

1068 881 1173 912 necin
1195 882 1455 924 quibuscumque
1475 882 1558 922 aliis,
1579 882 1733 924 recipiant
1754 892 1850 924 pecu-

1068 935 1167 974 niam,
1183 945 1242 966 nec
1253 937 1379 975 mutuo,
1396 945 1456 967 nec
1469 936 1564 975 dono,
1582 945 1643 968 nec
1656 935 1774 976 legato,
1790 945 1850 968 nec

1068 997 1126 1028 per
1135 998 1180 1027 se,
1196 997 1256 1020 nec
1273 998 1329 1029 per
1344 989 1563 1030 interpositam
1577 998 1760 1030 personam,
1771 990 1850 1030 quia

1068 1051 1128 1073 nec
1143 1042 1336 1082 dominium,
1353 1052 1412 1075 nec
1421 1043 1655 1084 possessionem
1669 1043 1731 1074 sibi
1745 1043 1848 1075 inten-

1069 1096 1151 1127 dunt
1169 1096 1346 1138 acquirere,
1373 1106 1558 1136 commune,
1588 1097 1639 1130 vel
1666 1097 1847 1138 proprium,

1069 1149 1136 1180 ullo
1151 1150 1258 1182 modo.
1275 1150 1398 1182 Nomen
1414 1151 1502 1183 enim
1516 1151 1661 1192 pecuniae
1675 1151 1850 1192 possessio-

1070 1212 1145 1235 nem
1161 1206 1263 1243 sonat,
1279 1207 1409 1245 propter
1422 1205 1508 1245 quod
1523 1205 1619 1237 etiam
1641 1205 1712 1237 Jovi
1730 1214 1850 1237 nomen

1071 1258 1214 1298 pecuniae
1242 1258 1428 1299 impositum
1455 1261 1512 1298 est,
1539 1260 1644 1299 cujus,
1673 1259 1850 1290 secundum

1072 1311 1207 1351 fabulas,
1224 1312 1333 1343 omnia
1355 1314 1440 1350 sunt,
1458 1315 1494 1343 ut
1507 1312 1599 1344 docet
1612 1312 1817 1353 Augustinus
1827 1312 1848 1343 ³.

1072 1364 1161 1396 Unde
1175 1374 1250 1396 cum
1266 1365 1329 1396 sint
1343 1365 1462 1397 divitiae
1477 1365 1631 1405 coelestes,
1655 1367 1687 1397 et
1700 1367 1849 1404 terrenae,

1072 1420 1217 1460 pecuniae
1233 1429 1351 1452 nomen
1366 1420 1590 1452 tantummodo
1604 1422 1724 1451 terram
1747 1421 1850 1458 sonat,

1072 1475 1155 1504 sicut
1168 1474 1258 1505 docet
1273 1473 1476 1514 Augustinus
1494 1473 1624 1512 ibidem,
1639 1475 1672 1505 et
1686 1473 1773 1514 quod
1788 1482 1851 1504 no-

1073 1528 1159 1558 mine
1173 1528 1316 1568 pecuniae
1329 1528 1482 1559 vilissime
1491 1530 1522 1559 et
1532 1527 1852 1559 contumeliosissime

1072 1581 1155 1613 Deus
1179 1584 1396 1622 nuncupatur,
1422 1590 1497 1613 cum
1521 1584 1629 1613 tamen
1653 1581 1738 1613 idem
1761 1581 1851 1613 dives

1073 1636 1206 1667 dicatur.
1224 1635 1373 1677 Recipere
1390 1635 1490 1676 igitur
1504 1635 1684 1676 pecuniam,
1707 1637 1755 1667 est
1775 1635 1852 1666 reci-

1072 1700 1147 1731 pere
1161 1691 1404 1731 possessionem.
1422 1690 1497 1722 Haec
1522 1693 1569 1721 est
1594 1690 1697 1730 igitur
1723 1698 1851 1721 summa

1073 1745 1312 1785 praedictorum,
1334 1744 1451 1775 scilieet
1465 1743 1551 1784 quod
1571 1743 1684 1774 fratres
1695 1752 1761 1774 non
1774 1742 1852 1774 reci-

1073 1798 1161 1838 piant
1175 1807 1231 1838 per
1246 1807 1291 1836 se,
1308 1797 1359 1829 vel
1374 1806 1430 1837 per
1446 1796 1668 1837 interpositam
1682 1804 1851 1837 personam

1074 1851 1254 1892 pecuniam.
1273 1851 1363 1882 Patet
1376 1852 1443 1882 tam
1458 1859 1478 1881 a
1493 1852 1582 1890 parte
1597 1850 1768 1890 pecuniam
1781 1850 1853 1881 mit-

1074 1905 1222 1943 tentium,
1243 1904 1294 1936 vel
1315 1904 1533 1943 dominorum,
1556 1913 1687 1944 quama
1700 1905 1788 1944 parte
1803 1903 1851 1944 ip-

1075 1968 1144 1990 sam
1173 1958 1395 1999 recipientium
1424 1958 1475 1989 vel
1511 1957 1701 1989 nuntiorum
1712 1980 1722 1996 ‚
1753 1966 1852 1998 quam

1074 2014 1172 2045 etiam
1197 2023 1217 2044 a
1240 2014 1329 2053 parte
1351 2012 1488 2043 fratrum
1512 2011 1655 2051 ipsorum
1673 2021 1680 2042 :
1698 2011 1854 2051 quoniam

1075 2068 1235 2099 mittentes
1248 2076 1312 2098 non
1327 2066 1498 2097 intendunt
1523 2066 1636 2096 fratres
1652 2065 1755 2096 facere
1769 2073 1855 2105 prae-

1076 2123 1278 2159 varicatores,
1295 2129 1376 2160 quos
1393 2120 1506 2151 volunt
1526 2119 1646 2151 habere
1667 2128 1725 2160 pro
1750 2128 1784 2150 se
1804 2119 1852 2150 in-

1075 2179 1278 2212 tercessores3
1296 2175 1474 2214 receptores
1499 2173 1594 2204 etiam
1617 2172 1763 2213 pecuniae
1781 2182 1854 2204 cus-

1075 2229 1200 2260 todiunt
1213 2228 1254 2267 (d)
1264 2236 1348 2266 eam,
1365 2236 1431 2258 non
1441 2227 1628 2258 auctoritate
1642 2227 1791 2266 fratrum,
1800 2227 1855 2259 sed

1077 2282 1283 2320 mittentium,
1300 2281 1371 2312 licet
1386 2281 1566 2312 custodiant
1588 2289 1660 2312 eam
1674 2281 1714 2312 ad
1737 2281 1853 2313 volun-

1077 2340 1173 2368 tatem
1189 2344 1321 2374 eorum3
1340 2334 1466 2366 Fratres
1481 2335 1578 2366 etiam
1600 2343 1665 2366 non
1687 2334 1856 2366 intendunt

1077 2392 1110 2423 in
1124 2391 1258 2432 pecunia
1274 2390 1320 2421 sic
1335 2390 1442 2428 missa,
1459 2389 1511 2421 vel
1526 2388 1693 2427 custodita,
1707 2389 1762 2429 jus
1783 2397 1854 2428 pos—

1078 2445 1239 2484 sessioniS,
1256 2444 1307 2477 vel
1329 2443 1472 2482 dominii,
1498 2443 1557 2474 sibi
1580 2442 1760 2483 aliqualiter
1779 2450 1855 2474 ven-

1077 2500 1194 2531 dicare.

1119 2554 1179 2585 Sed
1196 2562 1253 2594 pro
1268 2551 1407 2583 secunda
1418 2553 1508 2591 parte
1522 2551 1620 2591 hujus
1634 2550 1770 2582 rubricae
1781 2551 1855 2582 sub-

1076 2608 1122 2640 dit
1139 2619 1145 2638 ;
1166 2607 1282 2639 Tamen
1297 2613 1356 2646 pro
1373 2605 1616 2638 necessitatibus
1637 2604 1853 2644 infirmorum,

1112 2689 1142 2719 (a)
1160 2688 1221 2713 Coet.
1233 2687 1293 2711 edit.
1308 2685 1423 2716 Affectio,
1439 2685 1471 2710 ei.
1484 2697 1515 2702 —
1531 2684 1562 2715 (b)
1578 2684 1637 2708 Item
1653 2684 1692 2710 sit.
1705 2697 1736 2703 —
1751 2685 1779 2716 (c)
1794 2685 1854 2709 llam

1078 2726 1205 2750 amittens.
1222 2738 1245 2742 —
1266 2723 1304 2754 (d)
1322 2723 1382 2747 Item
1398 2720 1550 2746 custodiant.
