2029 3052
235 226 295 256 540

233 299 376 331 rancore,
393 290 446 322 vel
460 290 524 335 alia
533 298 598 321 non
609 289 696 320 bona
709 287 886 320 intentione
899 288 1009 328 peten-

233 345 320 377 tibus
340 344 401 377 hoc
421 352 562 384 negare,
586 343 659 374 licet
687 341 786 382 aliqui
806 341 846 372 ab
872 340 924 371 his
945 349 1011 372 non

233 400 309 430 sunt
322 399 496 430 immunes.
511 397 566 429 Ille
581 398 690 428 tamen
705 404 772 426 non
786 396 834 426 est
849 393 1012 426 excusabi-

232 453 272 484 lis
285 452 319 484 in
332 453 394 484 hac
407 453 508 493 parte,
526 450 582 491 qui
596 449 655 481 etsi
668 458 734 480 non
749 458 790 479 ex
809 448 944 486 malitia,
961 449 1010 479 ta-

231 516 307 539 men
323 516 364 538 ex
384 505 525 547 quadam
548 503 723 536 diffidentia
739 512 802 534 11011
824 502 1010 534 communi-

232 563 283 593 cat
297 561 366 593 aliis
381 560 498 600 scripta
512 567 582 597 sua,
600 558 718 589 timens
732 566 773 589 ne
787 557 814 588 si
833 565 890 598 per
907 556 1010 588 alium

232 615 322 657 prius
336 623 374 646 ea
387 613 650 654 praedicarentur‚
668 612 736 652 ipse
750 613 860 652 postea
874 619 941 642 non
955 610 1012 640 ha-

231 670 315 708 heat,
339 678 414 700 cum
442 676 568 699 necesse
591 666 705 705 fuerit,
728 665 834 706 aliqua
852 665 916 696 alia
935 673 1009 705 quae

231 723 401 765 proponat,
418 721 509 763 quasi
530 721 600 752 fons
614 719 780 752 charitatis
798 721 829 750 et
847 718 1012 759 sapientiae

232 778 286 810 Dei
301 777 477 810 desiccatus
495 776 547 814 sit,
564 777 601 807 ut
621 784 686 807 non
702 774 764 805 alia
778 782 836 814 pro
857 773 909 805 his
923 773 954 804 ei
971 772 1012 804 li-

231 832 379 865 beraliter
393 831 551 869 restituat,
567 831 597 861 et
613 828 771 867 refundat,
787 828 813 858 si
831 836 890 868 pro
904 826 1010 858 cbari-

231 889 313 926 tate,
341 895 414 927 quae
438 885 478 916 ab
505 884 574 924 ipso
600 883 773 923 acceperat,
795 881 920 912 studeat
942 881 1013 912 aliis

231 939 402 981 impartiri.
419 939 498 971 Cum
514 938 610 969 etiam
631 936 706 968 libri
727 938 758 967 et
775 935 924 976 quaterni
946 935 1011 966 fra-

232 997 321 1027 trum
346 994 410 1025 sint
436 994 563 1024 tantum
586 991 625 1023 ad
651 999 747 1022 usum
761 988 1013 1030 asuperioribus

238 1049 305 1080 suis
327 1047 479 1086 concessi,
505 1048 536 1078 et
561 1045 600 1077 ad
623 1044 799 1076 custodiam
827 1042 1011 1080 commissi3

233 1103 289 1145 qui
314 1104 405 1135 cavet
432 1101 640 1133 commissum
665 1097 784 1130 destrui
813 1097 865 1129 vel
894 1096 1008 1133 amitti,

235 1157 321 1198 quod
346 1165 410 1187 non
435 1157 483 1187 est
507 1156 578 1195 eJus
602 1152 782 1194 proprium,
803 1152 932 1191 propter
952 1149 1014 1180 hoc

234 1220 300 1242 non
312 1210 404 1242 debet
418 1208 597 1240 malevolus
609 1205 761 1247 Judicari.

416 1303 536 1337 Quaeseio
555 1302 687 1337 vigesima
705 1299 831 1328 secunda.

276 1372 353 1404 Cum
368 1396 375 1410 ‚
401 1370 484 1402 sicut
506 1370 563 1410 ipsi
589 1368 746 1405 asseritis,
770 1366 859 1397 missi
886 1365 955 1396 sitis
980 1364 1013 1394 in

235 1425 432 1466 adjutorium
461 1423 682 1464 plebanorum,
699 1430 765 1452 non
795 1420 827 1450 in
855 1419 1014 1460 praejudi-

236 1480 322 1511 cium
343 1478 426 1519 juris
448 1478 604 1518 ipsorum,
628 1484 729 1516 quare
749 1483 813 1505 non
835 1472 1015 1514 praedicatis

237 1533 356 1574 populo
377 1534 433 1573 Ι1115
454 1531 681 1571 plebanorum,
705 1528 821 1559 scilicet
844 1530 1014 1567 quantum,

238 1590 269 1618 et
284 1586 420 1627 qualiter
442 1585 486 1615 eis
503 1584 644 1621 subesse,
661 1582 800 1619 obedire,
817 1583 847 1612 et
863 1583 1015 1621 quantam

237 1641 377 1672 habeant
411 1648 506 1679 super
535 1647 589 1669 eos
624 1636 833 1677 potestatem?
856 1634 1017 1666 Videmini

239 1695 325 1726 enim
342 1694 403 1724 hoc
417 1693 511 1724 tacite
526 1692 702 1732 praeleffire,
718 1691 789 1721 idco
800 1692 835 1719 ut
847 1689 938 1720 vobis
953 1698 1018 1719 ina-

241 1749 291 1788 gis
314 1748 510 1785 adhaereant,
527 1750 557 1776 vt
581 1756 618 1777 ea
640 1753 713 1785 quae
735 1744 781 1775 illi
802 1743 967 1780 donarent,
985 1742 1017 1772 111

241 1811 337 1834 usum
353 1803 496 1833 vestrum
520 1799 631 1830 callide
657 1797 829 1835 retrahitis,
845 1799 876 1828 et
898 1797 942 1826 sic
965 1804 1018 1826 cos

235 1858 311 1897 Jure
327 1864 386 1887 suo
402 1854 567 1885 fraudatis.

550 1948 705 1982 Responsio.

281 2019 342 2058 Qui
366 2019 446 2049 bene
470 2016 617 2052 advertit,
637 2023 720 2054 sa’pe
741 2013 911 2051 intelligit,
934 2011 1020 2050 quod

242 2074 336 2104 etiam
353 2073 387 2103 in
402 2070 627 2112 praedicatione
643 2071 673 2099 ct
688 2067 827 2098 consiliis
852 2067 1021 2097 hortamur

242 2127 385 2158 subditos
409 2124 549 2165 praelatis
569 2123 635 2153 suis
661 2123 693 2152 111
716 2121 880 2156 omnibus,
904 2120 1021 2160 quilius

243 2182 280 2212 (10
301 2182 375 2221 jure
397 2181 556 2216 tenentur,
575 2177 710 2207 fideliler
730 2175 869 2211 obedire,
887 2177 918 2204 et
943 2175 1019 2213 jura

243 2245 301 2266 sua
326 2235 388 2265 illis
415 2233 615 2274 persolvero,
643 2234 673 2261 et
703 2230 875 2261 sententias
907 2238 1020 2259 corum

240 2292 327 2330 juste
340 2289 420 2320 latas
440 2289 621 2319 reverenter
636 2286 818 2322 observare,
835 2287 863 2315 et
885 2283 968 2323 quod
988 2283 1021 2313 in

245 2345 306 2375 hoc
323 2343 474 2374 meritum
491 2341 602 2371 salutis
612 2349 723 2371 eorum
740 2349 779 2369 ex
796 2348 916 2377 magua
932 2340 1021 2377 parte

245 2398 399 2429 consistit.
415 2396 474 2427 Sed
491 2395 566 2435 quia
581 2403 646 2424 non
664 2393 755 2423 valde
774 2392 1022 2430 magnificamus

245 2461 299 2483 eos
319 2452 350 2482 in
367 2449 496 2491 populo,
513 2448 640 2479 videtur
655 2446 710 2483 cis⁷
726 2446 810 2485 quod
829 2455 940 2484 parum
965 2454 1022 2484 pro

246 2506 322 2545 ipsis
349 2505 516 2535 faciamus.
543 2502 647 2539 Quare
669 2503 774 2531 aulem
801 2501 860 2530 hoc
890 2499 1022 2529 ‹limitti-

248 2571 331 2597 111115,
352 2560 456 2599 plures
472 2560 547 2589 sunt
561 2566 676 2588 causan
694 2555 779 2586 Una:
799 2564 838 2585 110
857 2555 1024 2585 videamur

246 2616 307 2646 1100
322 2614 498 2645 adulatorie
513 2613 616 2653 potius
631 2612 744 2647 facere,
755 2611 790 2640 ut
806 2609 848 2639 sie
861 2612 1024 2649 captemus

247 2679 359 2702 eorum
382 2667 651 2705 benevolentiam,
673 2674 771 2705 quam
798 2673 855 2703 pro
880 2664 1023 2695 veritatis

281 2734 289 2750 ¹
305 2733 312 2757 l
331 2732 412 2762 Thess,
429 2737 462 2762 11,
478 2733 500 2756 ὅ.
519 2744 544 2748 -
561 2731 571 2746 2
585 2731 669 2760 Prov.‚
684 2733 779 2758 xxvm,
795 2729 818 2752 4.

696 218 887 252 LIBELLUS
909 217 1205 252 APOLOGETICUS
1228 220 1270 252 IN
1292 220 1368 253 EOS

1067 287 1224 328 doctrina,
1240 298 1313 320 cum
1326 288 1513 329 praedicatio
1526 289 1640 322 debeat
1652 298 1721 322 esse
1741 291 1846 324 aliena

1067 341 1107 372 ab
1129 341 1311 374 adulatione
1333 342 1554 383 praesentium,
1577 343 1629 376 vel
1650 344 1845 377 detractione

1067 395 1258 428 absentium.
1274 397 1381 438 Neque
1405 398 1492 429 enim
1512 397 1692 439 aliquando
1719 399 1844 439 fuimus

1067 450 1104 482 in
1131 458 1272 483 sermone
1301 451 1515 491 adulationis,
1539 452 1627 485 sicut
1653 452 1746 486 scitis
1761 477 1772 492 ‚
1801 453 1846 484 ait

1067 504 1239 545 Apostolus
1267 509 1299 545 ¹,
1321 514 1419 547 neque
1438 507 1476 539 in
1495 507 1658 540 occasione
1681 508 1843 540 avan'lioe.

1068 557 1195 590 Altera:
1211 567 1286 590 cum
1305 559 1367 601 ipsi
1380 569 1438 600 per
1462 569 1496 591 se
1514 568 1599 601 saepe
1620 561 1693 602 plus
1706 561 1843 602 amplifl-

1067 615 1141 644 cent
1163 614 1240 654 jura
1260 623 1318 646 sua
1344 623 1441 655 super
1469 614 1613 646 subditos
1641 624 1718 646 suos
1746 623 1845 655 quam

1068 669 1212 707 oporteat
1226 691 1233 705 ,
1255 668 1468 709 praecipiendo
1496 668 1582 709 quod
1609 677 1677 700 non
1703 668 1820 700 debent
1833 692 1844 707 ,

1068 720 1266 761 probibendo
1287 731 1361 762 quae
1388 731 1453 754 non
1479 724 1628 763 possunt,
1645 721 1846 754 concedendo

1069 783 1142 815 quae
1168 784 1231 806 non
1257 775 1349 815 licet,
1372 777 1532 816 exigendo
1554 776 1710 816 indebita,
1736 776 1846 808 fulmi-

1068 829 1174 860 nando
1189 830 1361 861 sententias
1375 831 1482 869 duras,
1494 832 1526 862 et
1537 830 1670 871 laqueos
1685 829 1846 870 multipli-

1069 882 1169 914 cando
1192 883 1374 921 animabus,
1390 893 1471 925 quas
1493 884 1616 916 solvere
1638 885 1670 915 et
1696 883 1846 925 expedire

1069 935 1230 974 deberent,
1251 937 1278 968 si
1296 946 1355 968 nos
1370 937 1560 969 adderemus
1575 937 1845 978 terrendo*'·popu-

1069 990 1153 1028 lum,
1175 993 1206 1021 et
1231 991 1469 1031 magnificando
1495 993 1684 1032 potestatem
1715 990 1847 1022 clerico-

1069 1053 1143 1075 rum
1178 1053 1276 1084 super
1304 1045 1410 1085 ipsOS,
1432 1053 1682 1085 provocaremus
1709 1044 1848 1085 amplius

1070 1098 1284 1138 quorumdam
1309 1098 1499 1130 clericorum
1527 1098 1710 1136 audaciam,
1738 1100 1769 1129 et
1792 1100 1848 1130 aut

1069 1151 1246 1183 faceremus
1267 1151 1426 1192 simplices
1445 1152 1589 1183 subditos
1614 1151 1845 1192 pusillanimes,

1070 1208 1125 1237 aut
1131 1206 1270 1237 tumidos
1277 1215 1525 1247 provocaremus
1531 1206 1570 1238 ad
1577 1205 1772 1247 proterviam
1783 1214 1848 1237 ma-

1067 1261 1185 1300 j0rem‚
1200 1262 1237 1291 ut
1255 1260 1362 1300 magis
1376 1262 1487 1292 contra
1499 1261 1538 1301 (a)
1555 1269 1589 1291 se
1598 1260 1761 1300 erigerent
1775 1268 1848 1290 con·

1071 1315 1120 1344 tra
1134 1313 1265 1345 clerum.
1283 1313 1390 1346 Tertia
1409 1326 1415 1344 z
1438 1324 1510 1345 cum
1526 1314 1633 1355 plures
1657 1314 1847 1345 clericorum

1070 1370 1135 1399 tam
1151 1370 1258 1408 aperte
1273 1368 1385 1399 vivant
1399 1368 1527 1409 injuste,
1539 1368 1623 1408 quod
1639 1367 1711 1399 laici
1720 1368 1848 1398 sumant

1071 1421 1144 1452 inde
1164 1430 1265 1461 grave
1285 1422 1482 1459 scandalum,
1498 1422 1525 1452 si
1550 1430 1646 1462 super
1667 1421 1729 1452 hoc
1747 1420 1848 1451 velle-

1072 1484 1145 1505 mus
1160 1484 1213 1506 eos
1234 1476 1441 1515 magnificare
1462 1476 1497 1506 in
1517 1475 1646 1516 populo,
1661 1475 1849 1506 scandalum

1072 1529 1299 1560 suscitaremus
1314 1532 1422 1560 contra
1437 1530 1592 1569 nosipsos,
1609 1529 1693 1569 quod
1710 1531 1776 1560 tam
1799 1528 1849 1559 vi-

1073 1583 1266 1622 tuperabiles
1281 1583 1498 1614 laudaremus.
1513 1583 1584 1614 Ideo
1595 1583 1710 1614 dicitur
1726 1583 1758 1613 111
1772 1581 1849 1613 Pro-

1075 1637 1234 1668 verbiis-*³2
1254 1637 1314 1672 Οιιῑ
1333 1637 1559 1677 derelinquunt
1585 1637 1695 1677 tepent,
1710 1636 1849 1668 laudant

1073 1691 1210 1730 impium
1229 1702 1235 1728 3
1264 1693 1322 1731 qut·
1365 1694 1552 1723 conservant
1567 1715 1575 1728 ,
1611 1690 1850 1722 succenduntur

1073 1749 1184 1777 contra
1204 1753 1285 1777 eum.
1304 1745 1384 1782 Quia
1411 1754 1485 1775 cum
1510 1744 1617 1784 plures
1644 1744 1677 1774 in
1704 1744 1799 1781 clero,
1814 1745 1851 1775 ut

1074 1808 1172 1835 nunc,
1189 1799 1240 1830 vel
1256 1799 1348 1838 male,
1365 1801 1396 1830 et
1410 1801 1520 1830 contra
1538 1799 1675 1829 formam
1690 1806 1850 1829 canonum

1075 1855 1202 1884 teneant
1232 1853 1378 1892 regimen
1406 1852 1516 1893 populi
1546 1852 1578 1882 111
1607 1851 1747 1883 Ecclesia
1762 1876 1771 1890 ,
1799 1851 1852 1883 vel

1077 1909 1206 1947 propter
1222 1916 1370 1938 excessus
1385 1916 1459 1938 suos
1475 1906 1618 1946 suspensi
1635 1906 1699 1936 sint
1719 1906 1759 1936 ab
1774 1914 1853 1937 exe·-

1076 1961 1204 1992 cutione
1221 1961 1314 1991 officii
1335 1960 1510 2001 pastorali&
1528 1961 1555 1990 si
1577 1969 1688 1990 omncs
1703 1968 1852 1990 commu-

1075 2015 1158 2046 niter
1174 2015 1469 2055 inagnificarcinus,
1479 2014 1637 2052 etiamilli,
1647 2013 1703 2054 qui
1713 2022 1779 2044 non
1794 2013 1851 2044 ha·

1077 2069 1189 2100 herent
1196 2070 1262 2109 jus,
1272 2072 1423 2109 cogerent
1437 2069 1580 2099 subditos
1592 2068 1623 2098 in
1632 2068 1693 2105 his,
1705 2075 1778 2107 quae
1789 2076 1854 2098 non

1078 2123 1205 2159 debent,
1223 2124 1281 2153 sibi
1311 2123 1451 2161 obedire,
1473 2122 1564 2162 quasi
1581 2121 1735 2161 legitimis
1751 2123 1854 2161 pasto-

1077 2178 1178 2209 ribus.
1195 2178 1227 2207 Si
1235 2179 1343 2208 autem
1354 2177 1608 2217 specificaremus
1623 2175 1740 2216 quihus
1751 2175 1855 2206 essent

1078 2232 1169 2272 (ligni
1186 2232 1224 2263 ad
1240 2232 1470 2270 obediendum,
1490 2230 1542 2261 alii
1565 2230 1708 2270 graviter
1723 2229 1852 2267 ferrent,

1077 2287 1162 2326 quod
1178 2296 1232 2317 cos
1247 2286 1401 2316 notabiles
1419 2289 1449 2315 et
1467 2283 1718 2324 contemptibiles
1737 2282 1852 2313 redde-

1078 2350 1206 2377 rcmus3
1223 2340 1293 2370 idco
1311 2339 1399 2379 quasi
1424 2337 1652 2369 dissimulando
1667 2336 1850 2367 transimus.

1119 2394 1270 2431 Quamvis
1300 2396 1407 2424 autem
1434 2392 1579 2423 nonnulli
1606 2391 1644 2421 de
1671 2391 1754 2421 clero
1779 2389 1854 2430 plus

1079 2448 1205 2479 oderint
1220 2447 1399 2487 religiosos,
1416 2456 1512 2486 quain
1526 2446 1654 2476 Judaeos
1670 2443 1783 2476 Christi
1797 2442 1853 2472 ad-

1079 2502 1248 2539 versarios,
1266 2503 1372 2531 tamt—11
1392 2500 1417 2530 si
1441 2502 1599 2540 saperent,
1622 2498 1725 2538 potius
1745 2495 1855 2534 dilige-

1080 2559 1149 2586 rent
1163 2564 1220 2585 1105
1235 2555 1382 2595 pluribus
1397 2555 1435 2585 de
1450 2554 1562 2591 causis,
1579 2557 1643 2583 tam
1658 2559 1715 2591 pro
1736 2552 1855 2589 tempo-

1080 2610 1135 2641 rali
1154 2609 1298 2646 utilitate,
1316 2617 1413 2648 quam
1428 2608 1522 2639 etiam
1548 2615 1603 2647 pro
1621 2603 1777 2644 spirituali
1793 2602 1854 2634 uti-

1080 2664 1166 2695 litate
1181 2672 1251 2694 sua.
1269 2662 1336 2693 Una
1352 2673 1358 2694 :
1377 2662 1528 2702 quoniam
1544 2668 1600 2700 per
1611 2660 1754 2690 nostram
1774 2656 1848 2688 doc-

1113 2729 1147 2757 (a)
1159 2725 1216 2750 Del.
1231 2727 1329 2750 contra.
