2029 3052
237 219 297 250 176

237 286 313 314 Dum
328 284 369 314 ad
391 285 420 314 te
442 292 474 314 se
488 285 684 320 converteret,
706 286 735 313 et
751 283 876 321 supplex
894 283 950 312 tibi
972 283 1018 312 di-

309 340 342 361 ce
358 341 374 361 e
401 332 433 361 ¹:

236 341 370 409 Memento
376 333 447 415 ¹inei,
462 381 586 414 Domine,
600 379 665 407 dum
677 378 714 407 ad
727 380 805 407 tuum
818 379 972 415 perveneris

236 427 357 464 Regnum
377 427 415 464 (a)
437 427 561 464 plenum
586 425 756 462 dulcedine,
776 425 851 455 dum
871 427 898 454 te
918 433 1021 462 regem

309 473 490 510 ostender-1⁵5

236 522 278 550 Tu
292 529 376 550 amas
389 521 604 559 poeniteutiam,
619 521 712 551 corda
732 520 851 550 trahens
873 528 928 558 per
949 527 1020 557 gra-

309 568 381 597 tiam
396 578 404 597 :

237 617 302 645 Non
324 615 424 644 solum
450 615 528 645 hanc
554 615 733 645 memoriam
752 615 940 651 concessisti,
968 614 1022 644 sed

309 661 449 699 gloriam,

238 709 342 738 Dicens
365 708 376 725 ²
391 719 399 738 ε
416 709 506 739 Amen
520 710 582 739 dico
597 711 665 746 tibi,
686 710 766 739 hodie
789 718 891 739 mecum
913 710 968 738 eris
991 710 1020 736 in

310 757 454 786 paradiso.

574 830 679 859 Oratio.

239 901 262 930 0
285 901 427 938 prompta
453 900 502 930 Dei
526 900 670 935 charitas,
693 900 832 936 prompta
855 899 1022 928 misericor-

312 947 381 976 dia!

238 995 261 1023 Ο
274 996 416 1032 prompta
429 995 551 1024 libertas
560 1016 570 1031 ,
585 995 726 1032 prompta
741 993 959 1023 munificentia!

238 1041 283 1071 Ad
297 1043 324 1071 te
339 1042 430 1071 currit
444 1042 577 1077 devotio,
589 1041 629 1071 ad
644 1044 671 1070 te
684 1041 761 1070 redit
774 1041 921 1070 memoria
926 1051 936 1077 3

239 1090 346 1118 Coram
361 1091 388 1118 te
402 1089 435 1118 fit
450 1088 612 1124 confessio;
629 1088 681 1118 tibi
691 1090 793 1125 patent
803 1088 984 1126 praecordia;

239 1136 309 1166 ideo
323 1144 392 1165 cum
405 1136 517 1165 fiducia
531 1136 584 1165 tibi
600 1144 769 1173 precamur,
785 1136 918 1170 Domine,

237 1184 292 1218 Qui
308 1191 339 1213 es
353 1183 416 1213 sine
431 1183 545 1212 malitia
559 1183 641 1212 solus
653 1185 681 1212 et
694 1182 756 1212 sine
768 1183 904 1218 crimine,

239 1232 271 1259 ln
285 1232 335 1260 tua
349 1231 491 1268 patientia
505 1233 656 1259 memento
669 1230 772 1266 nostri,
789 1230 922 1259 Domine.

503 1313 626 1340 Tertium
644 1312 766 1340 verbum.

275 1375 353 1410 Jesu,
369 1374 420 1404 lux
436 1376 464 1403 et
475 1382 528 1403 rex
541 1374 652 1410 glorioe,
664 1374 704 1402 fili
718 1374 767 1403 Dei
779 1375 807 1402 et
821 1374 967 1408 hominis;

239 1423 319 1457 Jesu,
334 1422 390 1451 ssos
404 1422 564 1458 pudicitiae,
581 1421 623 1450 fili
640 1421 735 1451 Μαι-ἰῶ
752 1421 879 1457 Virginis
893 1431 899 1448 :

239 1470 315 1498 Dum
328 1469 390 1498 lioec
411 1469 500 1505 Virgo
521 1469 716 1502 sanctissima,
742 1470 802 1497 tota
823 1468 912 1504 plena
938 1467 1024 1497 dolo-

311 1517 406 1552 ribus,

239 1564 368 1593 GenitrIx
396 1563 599 1592 amantissima
617 1585 625 1598 ‚
657 1566 697 1592 tot
723 1563 857 1591 contecta
888 1563 1024 1591 moerori-

311 1611 385 1647 bus,

239 1660 300 1687 Tua
313 1659 408 1687 mater
423 1658 611 1693 charissima,
628 1659 689 1686 tota
704 1658 823 1693 perfusa
837 1658 874 1693 (b)
891 1657 1020 1692 fletibus,

240 1705 342 1734 Nutrix
359 1705 601 1741 diligentissima,
617 1707 678 1733 tota
692 1705 783 1733 tracta
799 1704 987 1739 singultibus,

239 1754 327 1782 Juxta
342 1760 462 1781 crucem
485 1752 641 1786 assisteret,
658 1754 686 1780 et
708 1754 735 1780 te
755 1751 935 1787 pendentem
960 1759 1023 1780 cer-

312 1802 406 1834 neret,

241 1848 315 1875 Dum
334 1848 482 1876 tormenta
496 1846 695 1883 conspiceret,
711 1848 738 1874 et
762 1854 821 1882 prae
844 1845 924 1874 luctu
950 1845 1024 1873 defi-

313 1896 390 1923 ceret
407 1904 412 1922 :

240 1943 281 1970 Tu
307 1941 415 1970 videns
438 1943 564 1970 matrem
588 1940 737 1975 flebilem,
760 1948 892 1976 pressum
915 1940 1025 1969 amari-

313 1989 428 2024 tudine,

242 2037 362 2064 Matrem
388 2039 468 2064 tuam
493 2035 714 2070 venerabilem,
751 2035 875 2071 dignam
902 2035 1026 2064 heatitu-

314 2083 396 2119 dine,

242 2129 350 2158 videns
375 2138 497 2166 quoquc
527 2130 707 2166 discipulum
732 2131 863 2158 amatum
892 2132 918 2158 et
946 2138 1026 2159 ama-

313 2177 419 2211 bilem,

242 2223 372 2252 Fidelem
388 2224 436 2252 Dei
452 2224 610 2259 famulum,
625 2226 771 2253 loannem
786 2225 845 2253 vita
860 2224 1007 2259 nobilem,

242 2271 404 2307 Alloquens
419 2272 525 2300 ambos
543 2272 669 2300 dulciter
684 2272 740 2308 piae
757 2272 836 2299 vocis
855 2272 990 2306 oraculo,

241 2319 463 2347 Commendasti
489 2319 654 2354 benigniter
676 2321 802 2347 matrem
821 2319 923 2347 Christi
939 2319 1027 2347 disci-

314 2365 399 2401 pulo,

242 2414 344 2442 Dicens
361 2414 394 2450 (c)
410 2413 495 2442 matri
508 2414 518 2430 ³
531 2423 537 2441 2
552 2414 664 2448 Mulier,
680 2422 735 2441 ecce
749 2414 785 2449 (d)
803 2416 876 2448 filius
894 2418 972 2445 tuus:

242 2460 276 2496 (ε)
294 2460 402 2490 deinde
416 2460 564 2497 discipulo
579 2470 584 2487 ;
602 2462 667 2488 Ecce
684 2462 722 2495 (s)
738 2464 824 2489 mater
841 2465 897 2489 ιιια.

277 2548 282 2563 ¹
300 2547 369 2575 Lunx,
386 2552 465 2577 xxm,
482 2548 521 2570 102.
536 2559 565 2563 —
581 2548 589 2560 ²
602 2546 677 2577 ibid„
694 2548 732 2571 43.
747 2560 777 2564 —
791 2548 802 2564 ⁸
816 2548 899 2577 Jorm.y
915 2553 971 2578 XIX,
987 2549 1026 2577 26,

244 2583 282 2606 27.
298 2595 327 2600 -
345 2583 349 2595 ⁴
366 2582 565 2613 Matth.‚xxv1=‚
582 2583 619 2606 46.

276 2628 306 2657 (ιι)
332 2627 405 2657 Vulg.
433 2627 550 2657 Dwm'ne,
576 2628 696 2650 memento
721 2628 782 2657 mei,
804 2628 862 2650 «lum
888 2629 983 2652 veneris
1003 2629 1027 2652 iu

244 2671 348 2694 requam
366 2665 484 2686 tuum.-
500 2663 534 2693 (b)
551 2663 612 2687 Caer.
629 2662 689 2686 mm.
708 2670 835 2693 percussu.
846 2677 874 2681 —
891 2668 920 2695 (v)
938 2664 1026 2696 Szzppl.

245 2700 347 2725 lioe0.—
366 2699 400 2729 (A)
417 2698 505 2729 Suppl.
523 2706 634 2723 nunc.—
650 2698 681 2730 (e)
697 2699 785 2730 Suppl.
802 2701 873 2724 Et.-
886 2701 920 2731 (s)
937 2700 1027 2732 suppl,

655 216 706 249 DE
727 215 888 249 SEPTEM
908 213 1053 248 VERBIS
1074 214 1213 248 DOMlNl
1238 215 1277 248 ΙΝ
1301 215 1438 250 CRUCE.

1412 316 1516 345 Oratio.

1076 379 1099 408 Ο
1113 379 1211 416 qualis
1223 380 1414 416 permutatio,
1429 387 1448 408 ο
1461 380 1574 417 quanta
1588 377 1784 415 inaequalitas,

1076 426 1099 455 Ο
1113 426 1211 464 qualis
1225 425 1382 464 desolatio,
1395 436 1414 457 o
1429 436 1497 465 quse
1511 427 1613 456 matris
1627 426 1784 462 acerbitas,

1077 475 1153 503 Dum
1166 476 1266 504 custos
1284 475 1372 504 matri
1385 475 1510 505 traditur
1529 482 1586 512 pro
1606 474 1749 511 magistro
1769 473 1859 502 disci-

1170 520 1238 550 ulus

1078 529 1222 605 Dumpper
1238 542 1366 598 :matrem
1384 569 1542 606 suscipitur
1561 577 1618 607 pro
1640 570 1700 599 Deo
1718 568 1765 598 vir
1784 575 1860 606 pau-

1149 615 1300 652 pei-culus,

1079 664 1153 692 Dum
1167 663 1255 692 matri
1269 665 1368 692 custos
1382 663 1505 693 mittitur
1518 671 1574 701 pro
1588 671 1659 700 rege
1673 662 1801 700 simplex
1813 662 1860 692 fa-

1150 710 1266 739 mulus!

1078 757 1124 786 Sic
1143 759 1200 787 tuoe
1207 778 1217 794 ,
1238 759 1306 787 lesu
1315 779 1324 794 ‚
1346 759 1448 795 gratiae
1466 766 1515 787 me
1538 759 1719 788 commendo
1740 757 1862 788 humili·

1150 807 1194 834 ter

1077 826 1206 890 Tuoeque
1220 853 1416 890 providentioe
1430 861 1479 882 me
1493 853 1647 882 committo
1663 854 1842 890 perenniter,

1079 901 1112 928 Ut
1126 902 1266 929 exorante
1281 901 1398 937 Virgine
1413 909 1469 938 pro
1483 900 1572 930 nobis
1585 902 1613 930 te
1623 901 1806 938 suppliciter,

1078 950 1101 976 Α
1114 949 1306 984 peccatorum
1320 948 1438 978 turbine
1452 948 1545 977 simus
1556 947 1652 977 securi
1661 948 1781 985 jugiter.

1337 1028 1472 1062 Quartum
1488 1027 1607 1056 verbum.

1114 1092 1192 1125 lesu,
1209 1090 1299 1119 Patris
1312 1090 1436 1126 ingeniti
1448 1090 1542 1118 virtus
1557 1092 1585 1118 et
1599 1088 1756 1126 sapientia,

1078 1140 1157 1174 Jesu,
1172 1138 1317 1174 cujusque
1332 1137 1444 1166 conditi
1460 1139 1544 1166 tenor
1558 1139 1587 1166 et
1601 1135 1801 1170 consistentia,

1079 1187 1121 1214 Tu
1135 1185 1242 1214 virtute
1257 1185 1388 1214 mirabili
1400 1192 1494 1221 panes
1508 1183 1771 1221 multiplicaverim,

1079 1233 1120 1261 Tu
1143 1233 1249 1261 virtute
1282 1232 1430 1261 consimili
1450 1231 1566 1261 stellam
1588 1231 1686 1260 infans
1708 1230 1861 1260 conduxe-

1152 1288 1200 1308 ras
1215 1279 1265 1315 (9),

1080 1327 1236 1357 Defunctos
1250 1327 1455 1362 suscitaveras,
1472 1335 1565 1364 opera
1577 1326 1654 1355 mira
1668 1326 1793 1362 feceras,

1080 1374 1198 1404 Morbos
1211 1382 1317 1404 omnes
1331 1382 1500 1409 sanaveras,
1517 1376 1611 1403 totum
1625 1373 1732 1403 orbem
1749 1373 1861 1403 forma-

1153 1430 1255 1457 veras3

1080 1471 1121 1498 Tu
1135 1470 1240 1498 virtute
1254 1469 1377 1498 terribili
1395 1469 1544 1498 daemonia
1557 1469 1703 1504 ejecerus;

1079 1519 1121 1546 Tu
1135 1517 1242 1545 virtute
1252 1516 1399 1545 consimili
1409 1516 1508 1545 hostes
1523 1517 1590 1545 tuos
1604 1517 1824 1552 prostraveras;

1079 1565 1136 1594 Sed
1151 1565 1258 1593 affixus
1273 1564 1421 1601 patibulo,
1433 1563 1508 1592 Patri
1524 1563 1617 1592 factus
1632 1562 1789 1598 obediens,

1080 1613 1165 1641 Jussu
1180 1612 1280 1647 Patris,
1297 1613 1329 1640 ut
1346 1610 1466 1639 vinculo
1483 1611 1609 1646 vincum,
1626 1617 1751 1639 manens
1765 1612 1794 1639 et
1808 1617 1862 1647 pa-

1154 1659 1238 1694 tiens,

1080 1707 1134 1741 Qui
1158 1706 1221 1735 vult
1243 1706 1327 1742 quod
1351 1706 1427 1734 hane
1451 1705 1637 1741 angustiam.
1670 1706 1702 1733 ut
1727 1704 1864 1733 infirmus

1153 1754 1307 1789 sustineas,

1081 1803 1181 1839 Neque
1206 1801 1316 1830 dictam
1340 1801 1376 1836 (h)
1401 1799 1563 1836 potentiam
1579 1802 1604 1828 te
1626 1799 1757 1828 liberans
1777 1806 1863 1828 exer-

1153 1857 1220 1878 ceas
1237 1858 1243 1876 2

1080 1898 1266 1933 Quapropter
1285 1897 1336 1924 tuo
1357 1895 1456 1924 sensui
1477 1894 1642 1924 condolens
1661 1893 1844 1929 naturaliter,

1081 1945 1248 1974 Clamorem
1268 1943 1383 1972 confers
1404 1942 1547 1979 planctui,
1565 1941 1665 1970 dicens
1685 1941 1863 1970 lamentabi-

1153 1990 1218 2018 liter
1232 1989 1256 2023 ‘3

1081 2037 1113 2072 (ι’)
1141 2036 1202 2070 Eli,
1216 2036 1277 2069 Eli,
1304 2034 1509 2061 lamazabutani
1538 2032 1591 2067 (j),

1082 2082 1136 2109 Hoc
1161 2083 1217 2115 est,
1244 2081 1312 2107 Deus
1338 2086 1426 2112 meus,
1446 2078 1513 2105 Deus
1530 2084 1612 2110 meus,
1629 2079 1659 2104 ut
1674 2076 1742 2111 quid
1763 2076 1862 2104 dereli-

1153 2127 1237 2161 quisti?
1252 2132 1292 2152 me
1301 2126 1314 2150 ἶ)

1421 2184 1485 2212 Ora!
1489 2186 1514 2211 io
1519 2205 1525 2211 .

1081 2252 1103 2279 0
1128 2251 1291 2280 lamentum
1313 2247 1470 2281 mirabile,
1495 2247 1621 2275 salutem
1643 2253 1735 2282 agens
1763 2245 1861 2274 homi—

1153 2304 1237 2330 num,

1082 2346 1103 2372 0
1118 2344 1261 2372 innocens
1281 2349 1343 2377 cor,
1359 2340 1484 2375 humile,
1500 2347 1603 2376 peenas
1624 2339 1786 2375 deplorans
1806 2337 1863 2366 cri-

1155 2391 1281 2424 minum,

1082 2440 1126 2468 Ad
1154 2441 1181 2467 te
1207 2438 1261 2466 sert
1288 2444 1336 2465 me
1368 2434 1535 2471 compassio
1552 2455 1560 2468 ‚
1586 2441 1641 2470 pro
1673 2440 1720 2461 me
1747 2434 1773 2461 te
1801 2433 1861 2469 peti

1154 2486 1265 2520 sentio,

1082 2535 1153 2562 Ante
1169 2535 1195 2561 te
1211 2540 1259 2561 me
1274 2531 1411 2568 projicio,
1431 2532 1588 2565 tecumque
1602 2528 1715 2556 luctum
1729 2526 1824 2561 facim

1084 2636 1146 2652 nunc
1170 2628 1229 2651 lure.
1244 2640 1273 2645 -—
1292 2627 1327 2658 (9)
1349 2626 1410 2649 Coet.
1423 2607 1491 2647 edit.
1515 2623 1633 2647 duxeras.
1648 2635 1678 2640 —
1699 2622 1734 2653 (h)
1752 2621 1792 2646 At.
1810 2621 1861 2645 Nec

1084 2664 1281 2695 1›roedictam.-
1298 2663 1324 2693 (ι)
1344 2660 1432 2692 8ιψμ1.
1448 2659 1486 2684 Ad
1504 2660 1603 2683 l'atrcm
1618 2661 1731 2683 tuu1n.-
1747 2658 1782 2689 (j)
1799 2657 1860 2687 Leg.

1083 2700 1163 2730 nelos,
1179 2699 1258 2728 Heloi,
1274 2698 1367 2722 lamma
1382 2695 1538 2720 sabacthani.
