2029 3052
201 216 262 246 456

201 280 305 313 fectio-
337 279 419 312 cum
450 277 538 310 enim
567 275 688 317 duplex
717 273 759 306 sit
785 281 897 306 rerum
920 272 977 304 do-

202 334 360 372 minium,
382 332 501 365 seilicet
523 331 708 372 privatum,
731 330 762 360 et
786 335 977 364 commune,

201 398 306 422 unum
331 386 464 429 quidem
493 385 640 425 spectans
667 382 708 414 ad
731 381 978 414 determinatam

202 450 390 484 personam,
412 440 550 471 alterum
564 446 641 470 vero
665 436 706 468 ad
729 434 980 468 determinatum

203 495 387 536 collegium,
414 495 446 525 et
472 492 615 533 primum
639 489 780 522 abdicari
802 488 902 530 possit
928 496 981 520 re-

203 551 291 582 tento
311 547 464 586 secundo,
483 545 582 587 possit
605 545 704 577 etiam
728 543 907 576 secundum
929 542 982 574 ab·

204 603 303 636 dicari
325 610 400 633 cum
425 600 530 642 primo
537 610 546 638 ;
572 598 694 639 duplex
717 598 780 630 erit
802 596 982 628 secundum

204 658 291 689 hunc
305 655 465 697 duplicem
479 654 612 686 modum
630 651 826 694 paupertatis
843 650 982 692 perfecta

204 711 359 753 professio
374 721 382 742 :
400 719 466 741 una
479 708 635 747 videlicet,
652 716 719 748 qua
731 706 804 748 quis
822 707 982 745 tempora-

205 766 286 797 lium
301 763 449 796 omnium
463 763 600 804 privato,
624 770 682 793 seu
702 759 874 801 personali,
892 758 983 790 abdi-

207 820 277 850 cato
311 817 473 856 dominio,
505 817 701 847 sustentatur
735 813 774 845 de
805 822 871 844 non
905 821 982 851 suo,

206 873 239 904 id
257 873 321 911 est,
348 880 413 903 non
437 869 497 902 sibi
524 869 665 910 proprio,
688 867 851 899 communi
876 869 985 898 tamen

204 927 280 966 jure
306 934 381 956 cum
410 923 482 955 aliis
508 922 696 963 participato
724 923 756 952 et
787 920 885 951 simul
912 929 985 960 pos-

207 988 310 1018 sesso;
333 978 396 1010 alia
412 986 510 1016 vero,
533 985 596 1017 qua
616 976 689 1016 quis
710 974 857 1006 omnium
876 982 987 1004 rerum

209 1034 353 1067 abdicato
371 1033 526 1071 dominio⁷
542 1033 609 1063 tam
631 1031 665 1061 in
683 1029 823 1071 proprio,
840 1038 938 1070 quam
954 1029 988 1059 in

210 1087 393 1126 communi,
418 1087 618 1118 sustentatur
633 1084 672 1116 de
695 1092 761 1114 non
776 1092 836 1114 suo
848 1107 857 1121 ,
878 1082 910 1114 id
929 1084 986 1120 est,

210 1151 275 1174 non
292 1142 352 1173 sibi
366 1140 507 1182 proprio,
521 1139 576 1170 sed
597 1138 716 1175 alieno,
746 1138 797 1177 pie
824 1139 932 1167 tamen
958 1138 990 1167 et

207 1197 295 1237 ,iuste
313 1195 353 1226 ab
373 1194 436 1226 alio
450 1193 511 1225 sihi
532 1202 590 1233 pro
611 1191 843 1223 sustentatione
862 1190 987 1222 collato.

212 1249 330 1281 Primae
346 1247 540 1288 paupertatis
553 1246 656 1278 forma
671 1245 832 1286 praecessit
847 1245 881 1275 in
897 1244 991 1275 turba

213 1302 427 1339 credentium,
457 1301 495 1332 dc
518 1309 583 1341 qua
604 1300 638 1330 in
662 1299 794 1331 Actibus
822 1298 937 1329 dicitur
956 1299 963 1314 ¹
983 1308 990 1328 ι

215 1356 440 1389 Multitudinis
465 1354 665 1386 credentium
680 1356 747 1385 erac
770 1360 937 1384 corunwn
965 1354 993 1383 ec

215 1412 328 1444 anima
341 1419 418 1448 una,
435 1418 490 1441 nec
509 1408 678 1449 quisquam
691 1414 809 1445 eorum,
833 1415 904 1446 quoe
922 1413 995 1445 pos-

216 1465 363 1503 sidebat,
396 1462 525 1503 aliquid
550 1470 645 1494 suum
673 1469 739 1493 esse
771 1459 909 1499 dicebat,
939 1460 996 1491 scd

217 1523 309 1553 erant
329 1519 398 1552 illis
419 1517 529 1550 omnia
550 1516 743 1548 communia.
768 1515 869 1552 Quem
890 1514 995 1554 Scrip-

219 1578 300 1607 turae
315 1575 422 1606 locum
437 1575 576 1604 tractans
591 1571 807 1611 Hieronymus
825 1569 869 1602 ad
892 1570 998 1601 Deme-

220 1629 368 1667 triadem,
385 1628 459 1660 dieit
479 1627 490 1644 ‘²
507 1636 515 1658 ε
530 1638 545 1655 «
564 1625 598 1656 ln
613 1625 744 1656 Actibus
759 1624 996 1664 Apostolorum,

221 1684 350 1724 quando
373 1681 498 1714 Domini
521 1680 620 1711 nostri
641 1679 715 1710 Jesu
739 1678 854 1709 Christi
879 1678 1000 1708 calebat

222 1747 328 1776 cruor,
342 1739 373 1768 ct
385 1735 524 1767 fervebat
531 1743 641 1765 recens
656 1732 898 1763 incredentibus
910 1731 999 1768 fides,

223 1791 403 1823 vendebant
417 1797 528 1820 omnes
544 1786 757 1828 possessiones
777 1794 863 1822 suas,
881 1787 911 1815 et
933 1794 1001 1825 pro-

225 1845 267 1877 tia
285 1853 396 1876 earum
416 1843 454 1874 ad
472 1841 698 1882 Apostolorum
719 1839 928 1879 projiciebant
951 1847 1002 1878 pe-

223 1900 289 1938 deS,
304 1900 341 1930 ut
356 1897 560 1929 ostenderent
576 1894 726 1935 pecunias
741 1902 809 1924 esse
824 1892 1000 1930 calcandas,

224 1956 255 1985 et
272 1953 408 1984 dabatur
423 1950 559 1990 singulis
573 1951 668 1990 prout
683 1957 765 1987 opus
786 1949 864 1977 crat.
888 1957 901 1974 1)
922 1946 1002 1976 lliuc

224 2008 320 2038 oliam
336 2005 451 2037 tradita
474 2004 532 2035 suit
551 2004 653 2034 fornia
669 2001 849 2032 monasticae
868 2010 922 2031 seu
938 2010 1003 2031 cm-

226 2061 372 2091 110111ιίοω
386 2060 477 2097 ν1101;
490 2059 585 2097 juxta
597 2057 683 2097 quod
699 2056 805 2086 Glossa
822 2055 912 2085 llcda·
929 2055 1003 2085 dii-it

226 2114 344 2145 ibidem
362 2124 368 2144 z
390 2125 404 2142 «
420 2112 480 2150 Qui
496 2112 538 2142 ita
553 2111 679 2148 vivunt,
702 2112 737 2140 ut
756 2109 818 2139 sint
833 2109 878 2138 vis
893 2108 1003 2139 omnia

226 2167 420 2204 communia,
442 2166 512 2196 ideo
535 2164 701 2195 coeuobitae
730 2164 897 2193 vocantur.
926 2163 1003 2198 Quae

226 2222 292 2253 vita
303 2223 389 2251 tanto
401 2220 519 2250 felicior
527 2221 584 2256 est,
594 2219 714 2258 quanto
722 2219 839 2247 statum
851 2216 1004 2246 1111111150-

226 2275 290 2306 culi
307 2274 459 2311 imitatur,
479 2273 532 2303 ubi
555 2274 629 2302 sunt
644 2271 751 2301 omnia
770 2269 966 2300 communia.
985 2280 998 2296 1)

226 2329 492 2361 Secundamutem
501 2326 692 2367 paupertatis
700 2324 896 2364 exemplaret
905 2324 1004 2354 forma

226 2385 257 2415 in
275 2384 340 2415 vita
364 2381 525 2423 praecessit
545 2380 788 2420 Apostolorum,
812 2388 909 2418 quam
930 2387 1002 2418 per-

226 2437 368 2468 feetionis
381 2435 535 2475 magister
557 2433 700 2464 Christus
721 2432 840 2463 eisdem
856 2432 1000 2469 instituit,

226 2490 354 2530 quando
369 2490 452 2529 ipsos
466 2488 505 2519 ad
532 2486 770 2527 pizedicauduni
793 2485 894 2524 misit,
922 2486 1003 2516 sicut

226 2545 345 2583 legitur
362 2545 392 2574 in
409 2543 558 2574 Matthaeo
571 2541 581 2557 ³
599 2552 605 2572 ε
635 2541 747 2579 Nobile,
774 2541 886 2580 iuquit,
903 2541 1003 2580 possi·

226 2599 297 2631 dere
313 2606 439 2635 (mrum,
462 2605 560 2636 neque
582 2599 761 2634 amentum,
788 2602 884 2634 neque
905 2602 1000 2633 pecu-

258 2681 264 2696 ¹
282 2681 348 2710 ,it-t„
365 2685 398 2708 iv,
415 2680 452 2702 ηε.

227 2715 340 2741 interius.
367 2728 397 2732 —
422 2716 429 2728 ³

472 2691 501 2695 —
521 2678 529 2692 ²
547 2677 662 2704 Hieron„
683 2675 724 2698 ubi
745 2682 800 2705 sup.
822 2682 905 2705 prox„
926 2675 1001 2705 paulo

454 2713 553 2743 illailla,
578 2718 607 2740 x,
634 2714 698 2735 tl-itl.
724 2724 751 2728 —
776 2712 784 2727 ὅ
809 2712 951 2741 8111150511,
978 2720 1000 2733 m

782 204 992 238 APOLOGIAE
1013 200 1234 235 PAUPERUM

1033 271 1124 303 niam
1140 270 1178 302 in
1195 269 1292 302 zonis
1308 268 1438 308 vestris,
1461 275 1528 301 non
1544 275 1657 309 peram
1681 268 1720 301 in
1736 269 1812 310 via,

1033 332 1132 365 neque
1158 323 1242 356 duas
1274 322 1421 360 tunicas,
1449 329 1549 362 neque
1580 321 1814 362 calceamenta,

1034 386 1134 419 neque
1151 378 1290 417 virqam.
1317 376 1442 416 Dignus
1462 378 1508 408 est
1530 376 1616 408 enim
1639 377 1808 416 operarius

1034 432 1103 465 cibo
1118 439 1188 464 suo.
1203 430 1265 462 Ubi
1278 429 1389 462 Glossa
1403 439 1412 462 ε
1426 441 1441 460 ιι
1455 429 1692 471 Propemodum
1704 439 1816 462 neces-

1035 486 1121 517 saria
1132 485 1210 517 vitae
1229 486 1387 524 amputat,
1410 493 1453 516 ne
1473 485 1527 517 vel
1551 486 1667 516 curent
1688 484 1728 516 de
1748 494 1818 517 cra-

1036 539 1132 579 stino,
1147 538 1203 580 qui
1219 539 1332 570 docent
1347 537 1457 569 omnia
1471 537 1543 578 regi
1553 547 1574 570 a
1591 538 1664 578 Deo,
1680 547 1740 570 nec
1750 538 1819 580 ipsa

1037 593 1226 631 necessaria,
1242 601 1302 624 nec
1316 591 1482 624 cellarium
1494 601 1606 624 secum
1619 593 1753 632 vehant,
1766 593 1820 624 ni-

1037 646 1083 678 hil
1108 646 1488 688 praeter.vestimentum‚
1517 655 1577 678 nec
1597 646 1694 678 etiam
1708 647 1820 679 numi-

1038 709 1120 732 sma.
1132 711 1147 730 1)
1162 700 1198 732 10
1211 700 1263 731 his
1274 700 1376 740 igitur
1386 700 1492 732 verbis
1502 700 1657 732 Dominus
1668 700 1820 742 apostolis

1039 756 1070 786 et
1088 754 1350 796 praedicatoribus
1371 753 1513 785 veritatis
1532 756 1685 786 extremae
1709 763 1746 786 ac
1763 764 1819 796 pe-

1039 809 1180 840 nuriosae
1195 807 1390 849 paupertatis
1404 807 1541 838 formam
1554 808 1747 840 servandam
1763 809 1822 840 im-

1040 863 1148 905 ponit,
1174 864 1334 903 quantum
1358 861 1398 893 ad
1421 862 1596 894 carentiam
1625 871 1690 894 non
1714 862 1820 894 solum

1041 917 1292 958 possessionum,
1303 915 1359 947 sed
1368 915 1465 946 etiam
1477 915 1688 956 pecuniarum
1702 918 1734 947 et
1744 915 1822 948 alio-

1043 980 1117 1002 rum
1135 970 1314 1008 mobilium,
1331 969 1450 1010 quibus
1464 969 1636 1000 sustentari
1656 969 1708 1001 vel
1728 978 1820 1001 com-

1043 1023 1166 1055 muniri
1189 1023 1269 1055 solet
1286 1023 1468 1055 communis
1490 1022 1663 1054 hominum
1679 1023 1757 1062 vita,
1774 1024 1822 1063 ut,

1044 1081 1199 1119 tanquam
1221 1078 1288 1109 veri
1311 1086 1478 1118 paupereS,
1503 1077 1536 1108 in
1563 1086 1691 1108 summa
1712 1086 1824 1109 rerum

1044 1132 1208 1164 constituti
1236 1132 1389 1173 penuria,
1412 1134 1557 1163 carerent
1578 1132 1739 1172 pecuniis,
1763 1131 1822 1163 ali-

1046 1189 1155 1218 menta
1169 1195 1234 1218 non
1249 1186 1379 1224 ferrent,
1396 1185 1532 1226 simplici
1548 1186 1667 1217 vestitu
1686 1185 1827 1217 contenti

1047 1242 1163 1279 essent,
1178 1242 1209 1271 et
1231 1240 1301 1271 sine
1325 1239 1546 1271 calceamentis
1572 1239 1765 1278 incederent,
1788 1241 1828 1271 ut

1048 1295 1093 1325 sic
1109 1296 1327 1335 paupertatem
1352 1293 1540 1325 altissimam
1559 1295 1633 1325 actu
1655 1296 1688 1325 et
1702 1293 1826 1332 habitu,

1049 1348 1141 1388 quasi
1165 1348 1325 1388 quoddam
1348 1348 1547 1388 perfectionis
1574 1347 1722 1387 insigne,
1742 1355 1828 1388 prae-

1051 1403 1181 1433 ferrent.
1194 1401 1282 1432 Ilanc
1293 1402 1486 1442 paupertatis
1499 1411 1659 1440 normam,
1674 1403 1830 1442 tanquam

1051 1455 1178 1496 speciali
1194 1456 1408 1495 praerogativa
1431 1456 1613 1496 perfectam,
1632 1458 1664 1487 et
1683 1455 1831 1487 Cnmsws

1053 1510 1088 1541 in
1112 1510 1214 1550 seipso
1236 1509 1392 1547 servavit,
1417 1512 1448 1540 et
1469 1509 1620 1550 apostolis
1640 1509 1831 1541 servandam

1054 1564 1202 1601 instituit,
1219 1566 1249 1594 et
1263 1563 1324 1601 his,
1341 1563 1396 1603 qni
1418 1572 1532 1594 eorum
1555 1563 1690 1603 cupiunt
1711 1563 1832 1594 imitari

1054 1618 1204 1657 vestigia,
1214 1617 1406 1648 consulendo
1422 1616 1533 1647 suasit.
1547 1616 1636 1654 Quod
1647 1617 1733 1647 enim
1746 1617 1834 1648 Chri-

1055 1675 1124 1703 stus
1135 1672 1222 1702 illam
1238 1671 1426 1708 servaverit,
1437 1670 1572 1701 ostendit
1588 1670 1832 1710 Chrysostomus

1056 1735 1153 1766 super
1171 1725 1356 1756 Mattliaeum
1368 1728 1396 1756 ἐ
1412 1736 1426 1754 α
1437 1725 1482 1756 Nc
1495 1723 1703 1764 possideatis,
1717 1724 1832 1765 inquit,

1057 1788 1184 1818 (mrum,
1208 1788 1308 1819 neque
1334 1783 1514 1819 amentum,
1542 1787 1641 1819 neque
1665 1786 1775 1818 peram
1798 1780 1836 1811 in

1058 1835 1125 1866 υιῗα.
1143 1833 1223 1871 Quia
1235 1833 1322 1864 enim
1339 1842 1394 1873 per
1415 1842 1511 1873 opera
1532 1832 1667 1863 ostendit
1688 1842 1735 1871 aa,
1758 1835 1836 1864 tunc

1060 1890 1124 1928 jam
1142 1887 1386 1927 legislationem,
1408 1896 1480 1927 quse
1499 1889 1545 1918 est
1568 1895 1586 1917 a
1609 1886 1726 1924 verbis,
1755 1886 1835 1917 vali-

1059 1942 1181 1973 diorem
1206 1941 1341 1979 inducit,
1368 1940 1495 1981 quando
1519 1942 1551 1971 ct
1575 1940 1663 1970 facile
1682 1940 1835 1980 suscepti-

1060 1997 1131 2027 bilis
1145 2005 1250 2027 sermo
1275 1996 1375 2026 sactus
1396 1997 1461 2032 est,
1486 1994 1636 2035 operibus
1657 1994 1724 2024 suis
1749 1994 1838 2034 prius

1060 2052 1260 2082 certificatus.
1279 2050 1337 2081 t'bi
1360 2050 1460 2089 igitur
1483 2049 1619 2080 ostendit
1641 2058 1697 2089 per
1718 2051 1836 2088 opera?

1061 2106 1134 2136 audi
1151 2114 1225 2136 oum
1244 2105 1401 2135 dicentem
1418 2104 1426 2119 ⁵
1449 2115 1455 2134 2
1483 2103 1588 2135 Ft'lt'us
1612 2102 1752 2134 hominis
1773 2110 1837 2134 non

1061 2159 1152 2191 habet
1168 2159 1221 2190 ubl?
1233 2162 1328 2198 cupid
1343 2165 1438 2189 suum
1452 2157 1593 2188 reclinet.
1612 2156 1721 2196 Neque
1732 2156 1765 2186 in
1778 2155 1839 2187 hoc

1061 2214 1176 2245 suflicit
1197 2213 1279 2249 solo,
1307 2213 1360 2243 scd
1383 2214 1413 2242 ct
1437 2211 1598 2251 discipulis
1622 2210 1734 2241 tribuit
1755 2209 1839 2241 hanc

1061 2267 1233 2308 apodixim.
1275 2277 1289 2294 »
1330 2265 1404 2296 Hane
1443 2265 1542 2296 verba
1577 2264 1835 2304 Chrysostomus.

1061 2322 1170 2352 Glossa
1185 2321 1280 2352 ctiam
1296 2328 1392 2359 super
1407 2318 1484 2349 illud
1508 2317 1645 2349 Matthaei
1660 2318 1670 2333 ⁶
1688 2328 1695 2348 ε
1722 2317 1837 2357 Vulpes

1060 2376 1168 2415 foreas
1185 2374 1310 2411 habent,
1326 2376 1385 2404 etc.
1403 2373 1411 2388 ⁷
1432 2384 1438 2402 :
1459 2384 1472 2401 «
1489 2372 1570 2410 Quid
1586 2381 1636 2402 me
1651 2373 1778 2412 propter
1791 2371 1838 2402 lu-

1061 2438 1114 2460 cra
1128 2428 1236 2459 saeculi
1253 2428 1301 2459 vis
1315 2427 1415 2467 sequi,
1431 2435 1506 2457 cum
1520 2426 1562 2456 ita
1577 2426 1637 2456 sim
1653 2433 1783 2465 pauper,
1802 2426 1836 2455 ut

1061 2493 1118 2514 noc
1131 2482 1350 2523 hospitiolum,
1367 2481 1452 2521 quod
1466 2490 1574 2511 meum
1584 2480 1634 2518 sit,
1652 2479 1830 2509 habeam?»

1061 2537 1148 2574 Quod
1164 2537 1190 2567 si
1211 2538 1287 2567 sorte
1301 2535 1478 2576 quisdicat,
1503 2534 1660 2565 Christum
1683 2541 1748 2563 nou
1764 2541 1835 2572 pro-

1061 2592 1166 2631 prium
1187 2590 1336 2621 habuisse
1355 2588 1547 2629 hospitium,
1570 2586 1623 2618 sed
1644 2595 1833 2625 commune,

1061 2671 1162 2697 Marta..
1175 2671 1244 2694 boin.
1263 2669 1498 2698 xxmi,ail.x.xx{11,
1515 2674 1540 2690 0.
1555 2669 1577 2690 ιἰ.
1592 2679 1621 2683 --
1633 2667 1642 2683 ⁵
1658 2667 1763 2695 Δ11ιιΙ1Ιι.,
1780 2674 1836 2698 1111,

1061 2712 1098 2735 20.
1114 2722 1144 2726 —
1159 2712 1167 2721 '¹
1183 2707 1246 2731 ibid.
1261 2720 1291 2725 -
1306 2708 1312 2719 ⁷
1330 2707 1421 2735 Gloss„
1437 2712 1468 2729 ex
1485 2704 1546 2728 ned.
1562 2703 1587 2727 in
1602 2704 1669 2728 hunc
1684 2705 1731 2729 loc.
