2029 3052
692 231 742 264 DE
766 229 823 262 SS.
847 228 1030 260 ANGELlS.
1055 229 1188 263 SERMO
1212 231 1234 263 i.

151 307 262 341 mante,
279 306 310 333 ut
326 304 535 342 perveniamus
546 301 586 331 ad
596 300 733 338 patriam.
751 298 852 327 Videte
863 304 934 333 ergo

152 352 299 382 beneficia
313 351 495 388 Angelorum
512 358 519 378 ε
541 357 612 377 nam
625 347 724 385 primo
739 354 792 384 per
815 353 867 374 eos
889 345 935 372 in-

150 400 292 429 struimur
302 399 333 428 in
345 397 520 435 accipienda
529 395 668 430 scientia;
683 393 816 423 secundo
830 400 936 421 eorum

150 447 288 485 precibus
303 446 482 482 adjuvamur
496 444 527 472 in
541 441 731 480 impetranda
745 441 840 478 gratia
852 450 860 476 ;
877 441 935 468 ter-

152 495 192 524 tio
219 502 273 531 per
300 501 351 522 eos
379 492 560 521 roboramur
588 490 619 518 in
642 489 780 518 facienda
805 487 933 524 justitia3

151 543 258 579 quarto
271 548 325 577 per
349 548 400 568 eos
423 538 614 568 defendimur
633 537 664 566 in
685 536 849 566 obtinenda
875 535 935 563 vic-

151 589 239 618 toria.

187 636 267 671 Dico,
281 635 365 672 quod
380 634 512 672 primum
525 642 585 670 quo
601 632 781 668 indigemus,
799 632 841 659 est
856 631 935 659 salu-

151 683 222 712 taris
242 682 384 717 scientia,
406 690 467 718 qua
487 682 589 709 nostra
603 679 755 716 perficitur
774 678 933 715 cognitiva.

151 730 228 765 Quid
243 729 322 758 enim
337 730 379 757 est
393 729 486 757 homo
501 728 615 764 absque
632 726 777 755 scientia?
792 727 840 754 Est
855 725 935 754 enim

150 776 254 805 similis
273 777 372 811 Lunae,
391 775 515 812 quando
537 775 568 803 in
583 774 670 802 nullo
686 775 728 802 est
746 773 932 806 illuminata,

150 824 203 852 sed
219 824 262 852 est
281 824 343 851 tota
362 830 458 860 opaca
483 823 511 850 et
530 822 670 857 obscura,
695 823 723 849 et
741 820 849 849 dicitur
872 828 935 848 esse

148 871 242 899 nulla.
253 872 301 899 Est
313 870 402 898 etiam
415 869 514 898 anima
527 869 641 905 absque
655 868 776 896 scientia
790 867 865 896 sicut
878 868 934 896 do-

149 927 226 953 mus,
242 926 308 955 quae
323 917 424 945 clausa
445 918 487 945 est
501 916 647 952 undique,
664 915 748 943 nullo
763 915 877 943 lumine
897 915 933 943 il-

148 967 280 1001 lustrata,
297 974 364 1002 quae
373 964 458 993 nullo
471 964 549 999 usui,
560 964 616 992 nisi
630 963 781 998 incendio,
798 965 840 991 est
853 965 932 1000 apta.

148 1013 268 1042 Nullum
284 1013 364 1041 enim
379 1014 422 1040 est
437 1012 560 1046 animal,
576 1011 660 1048 quod
671 1011 695 1038 si
708 1010 796 1038 suerIt
809 1019 933 1045 caecum,

149 1063 177 1089 et
191 1060 304 1088 lumine
319 1068 354 1088 ex
368 1061 429 1088 toto
445 1059 606 1095 privatum,
631 1058 716 1095 quod
737 1066 799 1086 non
821 1058 857 1086 sit
871 1058 934 1085 inu-

150 1107 200 1135 tile
223 1107 263 1135 ad
287 1115 375 1135 suum
394 1106 527 1134 officium
550 1105 762 1133 exercendum.
788 1104 875 1139 Quod
889 1104 934 1132 hi-

148 1155 246 1183 rundo
261 1154 334 1182 dum
348 1153 495 1182 industria
516 1152 643 1181 naturali
665 1152 828 1188 cognoscit,
854 1151 934 1179 filios

148 1202 188 1230 ad
208 1202 306 1229 lucem
326 1209 414 1229 succo
439 1200 596 1236 cujusdam
618 1200 719 1228 herbae
741 1199 875 1233 reducit,
901 1200 934 1226 ut

149 1249 220 1277 dicit
244 1248 442 1284 Philosophus
464 1249 483 1283 ¹,
510 1247 534 1275 si
554 1255 604 1274 eos
626 1247 731 1275 caecari
753 1246 930 1282 eontigerit:

149 1296 232 1333 quod
255 1298 282 1324 et
301 1295 429 1323 mustela
454 1294 586 1322 similiter
608 1294 686 1322 facit.
710 1293 828 1322 Animal
853 1294 932 1321 enim

148 1352 258 1373 caecum
274 1343 372 1371 solum
395 1344 497 1379 aptum
513 1343 555 1369 est
571 1341 609 1369 ad
625 1341 814 1376 molendum,
837 1341 887 1369 vel
900 1342 933 1369 ut

148 1391 323 1420 comedatur
337 1390 490 1417 idoneum.
504 1388 585 1416 Unde
599 1396 728 1425 capones
740 1388 931 1424 impinguan-

148 1439 179 1467 di
194 1447 212 1467 a
227 1437 409 1474 quibusdam
424 1437 581 1471 caecantur,
598 1437 630 1463 ut
650 1435 779 1472 amplius
797 1437 825 1463 et
847 1436 931 1464 citius

147 1485 369 1522 impinguentur
390 1493 396 1511 ε
421 1483 640 1519 etjumentum‚
656 1483 731 1510 dum
748 1482 872 1518 pistrino
892 1483 931 1510 ad

147 1532 324 1561 molendum
337 1530 469 1568 ponitur,
489 1530 520 1558 in
535 1530 628 1558 oculis
651 1530 776 1565 velatur,
798 1532 830 1558 ut
853 1530 931 1558 circa

146 1580 260 1608 molam
274 1578 389 1607 facilius
403 1577 584 1606 revolvatur.
602 1577 683 1605 Unde
700 1585 804 1605 omnes
815 1577 866 1613 qui
884 1585 931 1605 ca-

146 1629 211 1655 rent
225 1627 280 1655 hac
302 1625 423 1654 salutari
445 1625 577 1660 scientia,
600 1624 649 1652 vel
672 1632 756 1652 more
778 1632 930 1660 caponum

146 1674 221 1702 fiunt
236 1673 350 1702 diaboli
365 1681 442 1707 esca,
457 1672 507 1700 vel
521 1680 604 1699 more
616 1671 792 1699 animalium
804 1672 864 1699 tota
881 1671 929 1699 die

146 1721 308 1749 volvuntur
323 1721 401 1748 circa
415 1719 539 1754 molam,
555 1719 587 1746 id
602 1720 645 1746 est
655 1718 733 1746 circa
744 1718 849 1746 mundi
866 1718 929 1746 inu-

145 1768 228 1796 tilem
242 1776 354 1796 curam.
366 1767 457 1795 Valde
469 1775 541 1802 ergo
553 1765 723 1794 honorandi
734 1767 802 1793 sunt
812 1765 927 1801 Angeli,

147 1816 198 1852 qui
213 1818 280 1843 sunt
298 1815 390 1843 nostri
407 1814 539 1850 magistri
563 1814 594 1841 in
617 1813 781 1841 obtinenda
796 1813 927 1841 scientia.

147 1863 228 1891 Unde
253 1862 386 1891 officium
401 1862 601 1898 Angelorum,
628 1861 793 1889 secundum
819 1860 928 1897 Diony-

146 1911 224 1938 sium
241 1910 262 1945 ²,
285 1911 328 1937 est
351 1909 532 1943 illuminare,
557 1916 685 1945 purgare
710 1909 738 1935 et
761 1907 927 1944 perficere:

147 1957 231 1993 quod
245 1956 348 1992 utique
363 1956 490 1991 faciunt,
513 1963 575 1983 non
590 1955 705 1983 animas
719 1954 926 1989 informando,

146 2005 230 2041 quod
245 2004 383 2032 convenit
397 2003 452 2031 soli
466 2004 535 2038 Deo,
551 2002 605 2030 sed
621 2001 749 2030 exterius
765 2001 927 2029 exercitan-

147 2053 186 2081 do
203 2052 239 2089 (a)
251 2060 334 2080 more
346 2051 477 2079 doctoris
488 2050 593 2087 optimi
607 2051 634 2077 et
644 2049 833 2077 nobilissimi.
846 2049 927 2077 Unde

146 2099 274 2135 Angelus
299 2099 372 2127 dixit
387 2099 397 2116 ³
415 2108 421 2126 :
441 2108 454 2124 t(
469 2098 570 2127 Missus
587 2105 664 2131 sum,
680 2098 712 2124 ut
734 2097 874 2124 docerem
890 2098 928 2131 te,

147 2147 218 2183 quia
237 2146 282 2174 vir
304 2146 522 2174 desideriorum
543 2153 583 2173 es.
608 2155 621 2171 »
648 2146 679 2173 Et
699 2144 756 2172 hoc
779 2144 928 2180 signatum

147 2202 209 2222 esse
229 2193 335 2221 dicitur
351 2194 361 2211 h
378 2203 384 2221 ε
403 2202 417 2219 <n
427 2193 519 2227 Vade,
535 2192 635 2228 accipe
650 2191 761 2219 librum
785 2192 822 2219 de
835 2199 928 2219 manu

146 2240 258 2276 Angeli.
270 2250 283 2266 ι)
303 2240 379 2273 Quid
394 2241 436 2268 est
451 2239 530 2267 enim
541 2239 652 2267 librum
665 2239 798 2275 accipere
812 2239 848 2266 de
864 2247 927 2267 ma-

146 2296 187 2316 nu
202 2287 315 2323 Angeli,
332 2286 387 2314 nisi
402 2294 455 2322 per
470 2294 538 2314 eum
553 2286 655 2314 instrui
669 2287 697 2314 et
711 2285 834 2314 doceri?
846 2285 927 2313 Unde

146 2335 253 2363 dicitur
263 2335 273 2351 5
285 2343 291 2362 ε
310 2343 323 2359 «
334 2333 491 2369 Accepistis
505 2333 602 2368 legem
615 2333 646 2360 in
660 2333 854 2369 dispositione
869 2336 927 2361 An-

147 2382 294 2418 gelorum.
307 2391 320 2408 »
341 2382 373 2409 Et
385 2380 491 2408 dicitur
507 2379 516 2395 ‘⁵
534 2390 540 2408 :
561 2382 646 2408 «Lex
662 2380 800 2408 ordinata
819 2382 861 2408 est
875 2389 928 2417 per

146 2429 273 2465 Angelos
292 2429 323 2456 in
339 2436 431 2456 manu
447 2427 624 2456 Mediatoris.
642 2438 653 2453 n
679 2428 706 2455 Si
729 2435 801 2463 ergo
824 2435 928 2455 omnes

146 2476 292 2509 homines,
313 2478 345 2503 ut
364 2476 452 2504 docet
472 2474 667 2511 Philosophus
681 2475 706 2509 ⁷,
722 2475 795 2502 scire
811 2475 928 2503 deside-

146 2525 213 2552 rant
220 2533 228 2559 ;
244 2531 299 2552 nec
309 2523 382 2551 scire
392 2530 561 2559 possumuS,
573 2521 629 2549 nisi
642 2521 804 2550 doceamur
811 2532 818 2557 ;
836 2530 928 2559 quan-

181 2611 186 2627 ¹
213 2611 300 2640 Arist,
327 2610 421 2634 Hislor.
447 2608 571 2639 Animal„
597 2608 640 2632 lib.
666 2609 715 2639 Vl,
740 2616 762 2633 c.
789 2616 818 2640 v,
846 2611 870 2633 et
898 2609 928 2633 (le

150 2647 268 2671 Generat.
285 2646 409 2676 A71imul.‚
430 2645 475 2669 lil).
497 2646 539 2674 iv,
559 2652 580 2669 e.
602 2651 634 2669 vl.
655 2659 685 2662 —
705 2645 712 2658 ²
729 2645 802 2669 Dian.
823 2647 926 2677 Areop.,

149 2683 179 2706 de
194 2682 253 2706 coel.
270 2682 351 2711 Hiera,
365 2689 386 2706 c.
404 2687 442 2706 ιιι.
457 2695 487 2699 -
502 2682 512 2697 '³
524 2681 599 2710 Dan„
617 2687 652 2711 ix,
668 2682 707 2709 22,
724 2682 762 2704 23.
776 2694 806 2698 —
822 2681 828 2694 ²
842 2682 926 2711 Apoc„

150 2724 175 2750 x,
193 2720 215 2742 8.
231 2731 260 2735 —
277 2719 286 2734 ὅ
299 2718 366 2749 Act„
382 2724 432 2749 ιἰι,
449 2719 477 2741 333
507 2731 530 2733 ᾈ
550 2718 558 2733 ‘³
576 2716 925 2748 Gz‹l.‚111,11.‘*.—⁷A1ist.,

1720 235 1773 264 ΙΙΊ

992 298 1055 325 tum
1069 297 1137 326 illos
1156 307 1257 328 amare
1282 300 1439 337 debemus,
1463 309 1480 330 a
1503 302 1614 338 quibus
1633 305 1775 333 continue

990 353 1052 373 non
1066 345 1097 374 in
1111 347 1208 382 vanis,
1223 348 1275 376 sed
1291 348 1322 376 in
1337 348 1495 377 salutiferis
1505 349 1690 380 edocemur?
1703 352 1774 387 Quis

989 392 1066 421 adeo
1082 393 1179 422 malus
1194 397 1278 430 esset,
1295 396 1356 432 qui,
1373 396 1397 424 si
1411 404 1504 424 caecus
1519 400 1605 433 esset,
1616 398 1701 427 illum
1712 407 1774 428 non

990 442 1113 476 amaret,
1129 441 1180 477 qui
1199 442 1255 470 sibi
1281 443 1383 471 lumen
1406 443 1565 472 redderet?
1589 445 1647 473 Sed
1668 454 1773 475 omnes

988 488 1140 516 nascimur
1147 489 1227 524 caeci,
1239 491 1268 518 ct
1278 491 1360 518 omni
1368 491 1489 519 scientia
1504 491 1589 527 nudi,
1605 493 1772 522 secundum

988 534 1183 564 intentionem
1215 536 1387 574 Philosophi
1408 539 1434 573 Β,
1450 540 1478 566 et
1496 539 1579 575 quod
1601 540 1698 576 majus
1719 543 1774 576 est,

991 583 1062 610 certi
1082 584 1303 620 experimento:
1321 593 1392 620 ergo
1408 587 1553 622 quantum
1570 588 1706 616 venerari
1721 588 1774 617 de-

988 629 1095 658 bemus
1115 632 1232 659 sanctos
1255 631 1305 659 Dei
1326 632 1464 668 Angelos,
1480 641 1498 661 a
1513 633 1623 670 quibus
1645 634 1772 663 instrua-

991 678 1076 705 mur!

1026 725 1163 753 Secundo
1185 725 1354 762 indigemus
1377 727 1472 762 gratia
1492 727 1714 765 inflammante,
1742 732 1775 758 ut

989 771 1159 808 perficiatur
1173 772 1204 801 in
1219 773 1307 802 nobis
1329 774 1462 810 potentia
1484 775 1623 804 amativa.
1640 778 1727 812 Nam,
1741 779 1775 806 ut

989 820 1115 849 habetur
1129 821 1161 849 in
1177 821 1256 850 libro
1272 823 1304 850 de
1320 822 1423 850 Anima
1435 823 1462 851 ⁹:
1484 823 1607 852 «Anima
1620 824 1774 860 perficitur

990 867 1151 896 virtutibus
1167 871 1195 897 et
1209 869 1340 898 scientia.
1357 880 1370 896 »
1389 871 1463 898 Nam
1482 870 1552 898 tolle
1567 871 1695 906 gratiam
1713 871 1774 900 vir-

989 916 1084 943 tutum
1100 915 1139 944 ab
1156 916 1267 950 anima,
1283 917 1356 953 quid
1377 918 1420 945 est
1434 916 1489 945 nisi
1514 919 1646 953 mortua,
1670 926 1773 947 carens

988 962 1068 990 vita?
1090 963 1168 991 Sicut
1190 964 1270 991 enim
1293 963 1393 992 anima
1416 966 1459 992 est
1481 965 1615 1001 eorporis
1637 966 1709 1001 vita,
1731 966 1773 995 sic

989 1010 1096 1038 animae
1104 1010 1163 1038 vita
1176 1012 1219 1038 est
1230 1011 1334 1046 gratia.
1344 1011 1464 1047 Etideo,
1479 1012 1574 1047 gratia
1587 1020 1648 1041 non
1658 1013 1771 1049 habita,

989 1057 1089 1085 anima
1113 1057 1220 1086 dicitur
1245 1060 1363 1086 mortua
1380 1067 1386 1086 z
1404 1058 1475 1095 quia
1496 1059 1611 1095 privata
1636 1061 1679 1087 est
1700 1060 1772 1096 vita,

988 1112 1050 1132 non
1066 1107 1211 1141 quantum
1229 1105 1268 1133 ad
1284 1113 1345 1133 esse
1362 1105 1504 1142 primum,
1521 1106 1574 1134 sed
1593 1107 1696 1143 quoad
1710 1116 1773 1135 esse

989 1151 1165 1187 secundum,
1178 1161 1239 1188 quo
1252 1153 1406 1180 ordinatur
1415 1153 1459 1181 ad·
1470 1155 1571 1181 Deum.
1585 1154 1682 1182 Gratia
1693 1154 1774 1183 enim

988 1199 1037 1226 Dei
1052 1199 1156 1227 similis
1172 1201 1214 1227 est
1228 1199 1289 1228 Soli
1298 1200 1505 1235 inflammanti,
1517 1202 1545 1228 et
1556 1201 1658 1230 omnia
1671 1202 1773 1230 incen-

989 1246 1069 1274 denti
1086 1255 1092 1274 :
1110 1246 1159 1274 Sol
1174 1247 1253 1274 enim
1272 1248 1374 1275 omnia
1388 1247 1564 1283 inflammat,
1581 1257 1646 1285 quae
1667 1250 1722 1277 sub
1736 1258 1772 1278 eo

988 1294 1055 1320 sunt
1071 1302 1078 1320 :
1095 1293 1165 1321 tolle
1177 1294 1274 1322 Solem
1286 1303 1303 1322 a
1315 1295 1415 1330 rebus,
1428 1297 1455 1323 et
1468 1296 1569 1323 omnia
1579 1296 1690 1332 frigore
1703 1305 1773 1325 con-

986 1340 1147 1368 tabescent.
1174 1342 1246 1369 Nam
1269 1341 1292 1369 si
1317 1342 1366 1370 Sol
1390 1350 1452 1370 non
1477 1345 1562 1377 esset,
1584 1344 1664 1371 Luna
1689 1344 1772 1372 omni

987 1395 1088 1415 mense
1104 1388 1245 1424 hyemem
1268 1389 1350 1416 terris
1371 1389 1543 1425 adduceret,
1565 1392 1592 1418 et
1610 1390 1652 1418 sic
1670 1391 1773 1419 omnia

988 1435 1167 1470 deperirent.
1185 1435 1265 1463 Unde
1281 1437 1368 1469 terra,
1385 1444 1447 1464 non
1462 1437 1521 1465 Soli
1541 1437 1679 1474 opposita
1690 1437 1740 1466 vel
1754 1446 1772 1466 a

986 1481 1052 1510 Sole
1063 1484 1206 1518 respecta,
1223 1484 1264 1510 est
1277 1483 1400 1511 omnino
1411 1483 1604 1519 infructuosa,
1621 1486 1654 1513 ut
1663 1485 1773 1521 probat

986 1529 1052 1565 ipsa
1064 1530 1255 1565 experientia.
1268 1530 1312 1558 Sic
1322 1531 1410 1558 etiam
1422 1532 1464 1558 est
1476 1531 1513 1558 de
1524 1532 1629 1567 gratia,
1641 1540 1702 1568 qua
1712 1541 1772 1560 non

986 1577 1100 1612 habita,
1115 1576 1224 1613 frigida
1242 1577 1272 1604 in
1289 1579 1402 1605 tantum
1417 1580 1485 1606 sunt
1497 1579 1609 1612 omnia,
1626 1581 1658 1606 ut
1673 1580 1771 1607 omnis

987 1624 1121 1660 operatio
1133 1624 1256 1652 omnino
1265 1625 1301 1652 sit
1309 1625 1435 1661 perdita,
1448 1625 1518 1661 quia
1529 1627 1588 1653 Deo
1599 1634 1660 1654 non
1670 1628 1771 1662 grata:

986 1671 1048 1699 imo
1076 1671 1175 1699 cordis
1189 1672 1281 1700 nostri
1307 1673 1385 1700 terra
1410 1675 1452 1700 est
1467 1672 1591 1701 omnino
1606 1673 1771 1702 infructuo-

986 1727 1026 1746 sa.
1044 1719 1125 1746 Unde
1139 1719 1240 1747 anima
1254 1719 1315 1747 sine
1327 1719 1408 1747 dono
1420 1720 1520 1755 gratiae
1532 1722 1574 1748 est
1589 1721 1663 1748 sicut
1678 1721 1770 1750 carbo

986 1765 1128 1802 spoliatus
1144 1766 1222 1802 igne,
1239 1769 1266 1794 et
1281 1767 1356 1794 sicut
1376 1767 1498 1795 lucerna
1519 1767 1582 1795 sine
1603 1768 1728 1802 lumine,
1744 1770 1772 1797 et

986 1813 1061 1841 sicut
1079 1822 1139 1841 nox
1155 1814 1217 1842 sole
1233 1822 1345 1842 carens,
1363 1815 1390 1842 Si
1414 1822 1486 1850 ergo
1509 1814 1629 1849 mortui,
1656 1815 1771 1851 absque

985 1860 1082 1888 fructu
1091 1863 1118 1888 et
1128 1862 1162 1897 (b)
1173 1861 1235 1889 sine
1250 1862 1344 1897 gratia
1352 1870 1466 1896 sumuS,
1474 1862 1607 1897 sequitur
1618 1862 1702 1898 quod
1713 1865 1771 1890 An-

987 1908 1071 1943 gelos
1087 1908 1214 1936 revereri
1230 1908 1387 1942 debemus,
1411 1916 1541 1944 quorum
1557 1909 1773 1937 intercessioni-

986 1955 1042 1982 bus
1055 1955 1180 1990 gratiam
1189 1955 1392 1991 impetramus.
1401 1955 1482 1983 Unde
1494 1955 1670 1984 scribiturw:
1684 1967 1696 1982 «
1705 1957 1773 1984 Res-

986 2001 1125 2037 pondens
1151 2002 1280 2037 Angelus
1307 2002 1432 2030 Domino
1454 2002 1528 2030 dixit
1554 2011 1560 2030 z
1592 2003 1750 2039 Usquequo
1762 2025 1770 2038 ,

987 2049 1112 2077 Domine
1134 2050 1328 2083 exercituum,
1357 2057 1419 2077 non
1444 2049 1631 2077 misereberis
1657 2051 1772 2078 Jerusa-

985 2097 1069 2124 lem?
1085 2106 1098 2123 »
1128 2099 1155 2124 et
1177 2097 1321 2132 sequitur,
1351 2096 1434 2133 quod
1456 2097 1611 2132 respondit
1631 2097 1772 2125 Dominus

987 2144 1099 2180 Angelo
1114 2143 1230 2172 «verba
1241 2144 1333 2177 bona,
1344 2144 1437 2171 verba
1451 2143 1683 2171 consolatoria.»
1696 2144 1773 2177 Quid

988 2191 1067 2219 enim
1082 2191 1263 2228 respondere
1276 2190 1344 2218 fecit
1359 2191 1432 2224 haec,
1449 2190 1505 2218 nisi
1521 2191 1602 2226 quia,
1618 2191 1657 2218 ad
1670 2199 1773 2227 preces

985 2238 1088 2273 Angeli
1111 2238 1314 2274 deprecantis,
1340 2246 1393 2274 per
1417 2237 1543 2273 gratiam
1565 2238 1772 2266 reconciliatus

987 2288 1030 2314 est
1044 2286 1122 2314 illis‘?
1138 2286 1219 2314 Unde
1235 2286 1265 2313 in
1280 2286 1377 2322 figura
1393 2286 1500 2314 dicitur
1515 2286 1546 2320 ¹³,
1563 2286 1646 2322 quod
1658 2288 1772 2322 «Ange-

989 2334 1034 2361 lus
1051 2333 1127 2361 alius
1143 2333 1235 2368 venit,
1251 2335 1279 2361 et
1295 2333 1370 2361 stetit
1384 2334 1450 2361 ante
1465 2333 1567 2368 altare,
1584 2345 1595 2359 υ
1620 2335 1674 2361 etc.

1025 2380 1118 2409 Tertio
1135 2381 1306 2416 indigemus
1327 2381 1499 2417 operatione
1521 2381 1613 2415 bona,
1631 2383 1662 2409 ut
1682 2381 1772 2417 perfi-

990 2428 1083 2456 ciatur
1100 2429 1201 2456 nostra
1219 2428 1381 2464 operativa.
1399 2428 1474 2462 Quid
1491 2428 1569 2456 enim
1585 2428 1664 2456 valet
1680 2428 1773 2456 scien-

989 2475 1060 2503 tiam
1075 2475 1187 2503 habere
1212 2475 1375 2511 operandi,
1399 2475 1472 2511 quid
1488 2475 1567 2503 valet
1580 2475 1691 2502 habere
1706 2483 1772 2510 gra-

992 2523 1062 2551 tiam
1083 2522 1121 2550 ad
1138 2522 1338 2558 operandum,
1361 2522 1416 2550 nisi
1435 2522 1511 2550 adsit
1526 2521 1658 2557 operatio
1673 2521 1771 2558 bona,

990 2599 1110 2630 Μιθρῇ,
1135 2599 1179 2623 lib.
1205 2600 1229 2629 1,
1254 2601 1316 2623 text.
1343 2601 1364 2623 1.
1387 2612 1417 2617 --
1442 2603 1448 2612 ι
1475 2598 1521 2627 id„
1542 2598 1625 2622 Etm‘c.
1656 2598 1771 2629 Nicom,
1806 2592 1809 2594 “

988 2636 1031 2660 lib.
1057 2636 1104 2666 Vl,
1121 2636 1183 2659 text.
1200 2637 1238 2659 30.
1254 2649 1284 2653 -
1299 2636 1309 2651 ⁹
1325 2635 1411 2665 Arist,
1430 2634 1459 2657 ‹le
1474 2635 1556 2658 Am'm.
1573 2647 1602 2652 ·-
1621 2636 1636 2649 ¹⁰
1653 2635 1737 2664 Zacl1.,
1752 2641 1771 2666 1,

997 2674 1032 2701 12,
1050 2673 1088 2695 13.
1104 2684 1134 2689 —
1150 2672 1169 2688 ¹¹
1186 2672 1272 2702 Apoc„
1288 2677 1344 2701 vni,
1359 2672 1382 2695 3.

1026 2717 1058 2747 (a)
1076 2716 1132 2747 Ley.
1149 2716 1293 2741 excitando.
1313 2730 1342 2734 —
1360 2716 1394 2747 (h)
1411 2716 1465 2746 Leq.
1486 2717 1509 2740 et
1525 2716 1620 2747 absque
1636 2716 1727 2740 fructu,
