2029 3052
509 178 557 209 DE
580 175 757 216 QUINQUE
780 174 1107 208 FESTlVl'l'ATlBUS
1128 174 1247 207 PUERI
1270 173 1376 207 JESU.

128 246 173 278 sic
187 248 219 278 et
233 255 307 287 ego,
323 246 470 288 propteri
475 255 581 287 psum,
593 245 700 286 ipsum
711 244 752 284 (α)
768 243 913 284 aliquan-

127 299 167 332 do
181 300 319 340 deserui;
333 301 388 341 sic,
403 301 440 342 (b)
452 301 582 342 propter
591 308 685 331 suam
695 298 835 339 gloriam
845 306 913 328 am-

127 353 302 395 pliandam,
317 355 454 395 labores,
471 354 720 396 persecutiones,
748 352 912 384 detractio-

128 419 197 449 nes,
209 410 469 451 impugnationes
482 408 635 441 sustinui.
650 407 684 439 Si
699 407 751 438 his
759 407 912 438 omnibus

129 465 160 495 et
183 464 235 495 his
257 463 416 495 similibus
435 464 532 495 etiam
560 471 664 503 usque
685 462 725 493 ad
752 461 912 492 detectum

128 518 249 559 repleta
268 518 325 557 fui,
346 519 378 549 et
400 518 440 550 ad
463 518 571 559 ipsum
588 525 723 557 gemens
740 518 772 548 et
797 524 911 547 amens

128 573 234 612 redeo,
250 572 410 613 numquid
425 572 525 613 ipsius
543 571 666 610 solatio,
690 573 727 602 ut
742 571 793 603 vel
808 570 911 602 modi-

128 636 203 659 cum
222 627 257 658 in
275 626 481 658 tribulatione
496 626 662 667 respirem,
679 625 815 657 carebo?
830 624 912 663 Quid

70 726 73 728 -
128 690 207 722 ergo
217 683 275 721 est,
292 681 377 722 quod
390 680 425 722 (c)
439 680 576 712 Dilectus
587 689 677 711 meus
691 679 834 720 loquitur
850 679 913 710 mi-

127 735 188 767 hi?
210 735 291 774 Quid
309 735 456 776 estquod
470 744 527 775 per
548 734 657 775 ipsum
677 734 712 765 in
735 733 913 774 Evangelio

128 790 285 821 clamatur
299 790 308 807 ²
327 800 334 820 :
356 789 465 821 Venite
477 789 521 821 ad
536 797 583 820 me
605 796 725 827 omnes,
746 789 805 829 qui
824 788 913 821 labo-

127 845 212 877 ratis
228 846 258 876 et
275 844 400 876 onerati
424 843 511 882 estis,
535 846 566 876 et
590 851 645 884 eqo
666 843 813 883 reficiam
827 851 882 876 vos
897 844 914 875 ,Ρ

128 897 294 938 Numquid
309 906 373 937 ego
394 897 463 938 qui,
486 899 618 937 propter
641 896 799 928 honorem
822 897 912 937 ejus,

128 952 190 984 diei
213 952 339 993 pondus
359 953 390 983 et
412 953 510 983 aestus
529 951 682 988 sustineo,
708 944 821 981 saltem
844 953 915 991 post

127 1007 285 1044 laborem,
307 1007 337 1037 et
353 1006 391 1037 de
409 1005 499 1037 micis
519 1014 593 1046 quae
608 1005 726 1036 cadunt
748 1005 787 1036 de
803 1014 915 1037 mensa

129 1060 335 1092 dominorum
345 1069 491 1098 suorum,
504 1059 591 1091 refici
602 1069 668 1091 non
684 1059 783 1091 debeo
791 1060 806 1090 ‘?
822 1059 914 1090 Absit

130 1124 211 1154 ergo
226 1124 267 1146 ne
291 1114 493 1146 solummodo
517 1114 697 1153 vobiscum,
721 1123 740 1145 o
765 1123 821 1145 vos
837 1123 913 1145 cou-

129 1169 319 1210 templatlvi,
349 1171 494 1200 moretur
523 1169 657 1200 dilectus
671 1192 678 1206 ,
703 1170 734 1200 et
765 1169 916 1200 laborans

130 1223 273 1264 agricola
288 1223 328 1254 sit
347 1225 536 1263 contempus
560 1225 591 1254 et
611 1223 765 1263 abiectus.
792 1223 918 1262 Oportet

130 1279 248 1316 tamen,
266 1277 348 1308 sicut
361 1276 528 1317 Scriptura
541 1278 677 1310 testatur
688 1277 710 1314 ²,
720 1277 916 1310 laborantem

130 1331 306 1372 apricolam
325 1331 497 1372 aliquando
515 1331 553 1363 de
571 1331 613 1372 (ct)
630 1331 790 1371 fructibus
805 1332 914 1363 cceles-

129 1386 170 1417 tis
188 1386 221 1427 (e)
239 1386 351 1427 patriae
366 1386 547 1426 praelihare,
568 1387 598 1417 et
612 1386 674 1417 hoc
688 1395 728 1417 ne
744 1386 868 1417 deficiat
884 1386 918 1417 in

130 1440 250 1471 labore.
274 1440 324 1471 Sic
346 1440 480 1481 apostoli
501 1440 586 1471 inter
608 1441 698 1472 varia
719 1441 892 1481 opprobria
907 1465 916 1479 ,

132 1496 292 1535 martyres
307 1494 390 1525 inter
406 1494 546 1534 flagella,
571 1493 717 1534 virgines
740 1495 823 1525 inter
845 1503 917 1525 cru-

131 1549 235 1580 ciatus
257 1551 287 1580 et
302 1548 447 1587 verbera,
475 1550 646 1579 senserunt
665 1548 771 1579 dilecti
794 1549 916 1580 solatia.

131 1603 249 1636 Ibant³
269 1604 446 1645 qaudentes
462 1613 482 1636 a
501 1605 671 1643 conspectu
691 1603 835 1641 concilii,
853 1603 916 1634 col-

131 1657 297 1689 laudantes
320 1660 351 1689 et
374 1658 596 1689 benedicentes
623 1657 807 1695 Dominum,
840 1665 918 1697 quo-

132 1713 222 1744 niam
236 1712 333 1754 diqm‘
347 1712 451 1746 habiti
466 1715 544 1745 sunt
553 1720 612 1753 pro
625 1713 753 1745 nomine
763 1712 836 1744 Jesu
847 1720 919 1745 con-

133 1766 295 1799 tumeliam
314 1768 399 1807 pali.
425 1767 477 1798 Sic
497 1767 694 1798 confessores
714 1768 745 1798 et
761 1767 916 1802 eremitae,

133 1821 283 1852 monachi
294 1823 325 1852 et
336 1822 548 1860 anachoretae,
564 1823 635 1862 post
648 1821 778 1861 vigilias
794 1824 823 1852 et
836 1823 921 1861 JeJu-

133 1875 197 1914 nia,
214 1875 297 1906 inter
310 1876 469 1916 lacrymas
485 1878 516 1906 et
530 1876 672 1915 gemitus
688 1878 858 1907 senserunt
870 1877 918 1908 di-

136 1930 213 1960 vina
229 1929 359 1969 gaudia.
373 1928 423 1961 Sic
438 1931 588 1966 rectores,
605 1929 761 1968 doctores,
778 1932 809 1961 et
824 1930 921 1961 eccle-

134 1983 255 2014 siarum
278 1984 387 2015 fideles
408 1983 544 2024 praelati,
567 1985 738 2024 postquam
758 1983 920 2015 laboribus

134 2039 166 2069 et
181 2038 266 2069 curis
282 2040 357 2069 sunt
370 2038 547 2077 extenuati,
560 2038 597 2069 de
610 2037 808 2078 benignitate
819 2038 920 2069 dulcis

134 2091 208 2123 Jesu
224 2092 367 2133 ipsorum
391 2092 545 2133 piissime,
571 2092 704 2123 dulciter
728 2094 802 2123 sunt
826 2093 921 2124 corda

135 2146 254 2178 refecti.
277 2146 347 2178 Non
366 2146 453 2177 enim
478 2146 578 2177 Maria
601 2146 712 2178 Jesum
737 2146 921 2187 frequenter

136 2201 251 2232 habuit
270 2201 356 2240 sola3
383 2202 438 2233 sed
460 2201 557 2233 etiam
578 2211 597 2232 a
612 2201 735 2232 Martha
751 2203 820 2242 post
836 2211 920 2242 prae-

137 2255 328 2287 dicationem
353 2255 497 2286 hilariter
519 2257 549 2286 et
572 2255 751 2295 gaudenter
776 2259 922 2296 receptus

137 2309 206 2340 fuit.
232 2309 304 2348 Ego
328 2317 408 2348 ergo
431 2308 463 2339 in
478 2308 613 2340 Domino
634 2309 807 2348 considens,
832 2312 862 2340 et
884 2310 922 2341 de

138 2363 248 2395 divina
266 2362 435 2401 clementia
457 2364 522 2393 tam
542 2362 763 2403 multipliciter
790 2364 923 2404 probata

139 2419 170 2448 et
183 2416 411 2458 exemplariter
431 2419 557 2448 ostensa
576 2426 787 2457 praesumens,
807 2418 921 2449 dulcis-

139 2471 259 2502 simum
273 2470 289 2502 J
292 2480 384 2502 esum
395 2461 567 2511 aliquando
581 2480 725 2511 quaeram
738 2481 812 2503 cum
823 2472 923 2504 Maria

141 2526 242 2555 matre
258 2525 291 2556 in
306 2525 444 2565 templo,
468 2525 639 2565 aliquando
661 2534 735 2556 cum
756 2536 871 2566 sponsa
889 2527 922 2557 in

141 2578 306 2617 cubicu10;
326 2579 499 2619 aliquando
517 2588 590 2610 cum
609 2579 773 2620 discipulis
789 2580 822 2610 in
846 2590 923 2611 con-

175 2659 299 2689 ¹Mam1„
314 2665 350 2690 x1,
366 2661 404 2683 28.
418 2673 445 2677 —-
487 2660 505 2684 ll
520 2660 592 2689 Tam,
610 2666 636 2690 ⁶1,
652 2663 676 2684 ϋ.
688 2674 718 2678 -
733 2660 742 2677 ³
755 2661 809 2685 Aul.
825 2662 924 2692 Aposl.y

144 2701 169 2725 v,
184 2697 222 2720 41.

1696 179 1709 207 1
1716 177 1754 207 49

969 243 1114 283 sistori03
1137 243 1312 284 aliquando
1337 252 1412 274 cum
1434 242 1569 283 regibus
1592 243 1627 275 in
1646 243 1753 276 diver-

969 306 1066 330 sorio.

1140 399 1236 438 QUIN
1240 399 1294 431 TA
1316 398 1583 432 SOLEMNITAS.

1028 484 1066 511 De
1086 484 1301 511 praesentatione
1318 485 1399 519 pueri
1417 484 1480 512 Jesu
1498 485 1529 511 in
1549 484 1688 519 templum.

1010 569 1128 607 Quinto
1140 570 1171 601 et
1184 569 1300 600 ultimo
1318 570 1495 601 consideret
1509 570 1612 602 fidelis
1632 570 1753 610 anima,

969 623 1106 665 qualiter
1121 625 1215 655 natus
1225 623 1383 664 parvulus
1394 633 1450 665 per
1462 624 1668 657 diversorum
1683 634 1758 666 ope-

969 687 1043 709 rum
1072 677 1395 716 consummationem,
1425 679 1456 709 et
1484 678 1669 710 nominatus
1698 688 1757 719 per

970 732 1147 764 coelestium
1177 732 1388 764 dulcedinum
1417 731 1695 772 degustationem,
1725 734 1757 764 et

971 785 1138 826 quaesitus,
1161 788 1192 817 et
1215 786 1377 824 inventus,
1401 785 1552 817 adoratus
1571 787 1602 816 et
1616 785 1759 817 honora-

970 842 1022 871 tus
1038 849 1094 881 per
1109 839 1327 881 spiritualium
1345 849 1518 871 munerum
1534 840 1757 880 praesentatio-

971 904 1058 932 nem,
1080 895 1113 926 in
1133 895 1292 936 templum
1308 895 1347 926 sit
1369 895 1625 936 praesentandus,
1650 896 1681 926 et
1696 894 1757 926 Do-

972 950 1060 981 mino
1076 950 1270 988 offerendUS‚
1288 954 1319 981 et
1333 950 1393 981 hoc
1410 959 1467 990 per
1482 949 1665 981 debitarum
1680 959 1759 990 gra-

972 1004 1089 1035 tiarum
1101 1004 1251 1036 devotam
1261 1006 1291 1035 et
1299 1004 1458 1035 humilem
1469 1004 1639 1035 actionem.
1653 1003 1760 1043 Igitur

972 1060 1144 1099 postquam
1166 1058 1244 1089 felix
1258 1059 1378 1095 anima,
1396 1059 1499 1089 mater
1513 1057 1588 1089 Jesu
1603 1057 1760 1099 spiritua-

972 1112 1010 1143 lis
1034 1122 1091 1152 per
1113 1113 1205 1143 istius
1232 1112 1391 1143 benedicti
1416 1111 1473 1142 filii
1499 1112 1758 1152 conceptionem,

972 1170 1114 1207 purgata
1128 1177 1185 1208 per
1201 1167 1438 1208 poenitentiam3
1456 1169 1627 1207 postquam
1639 1167 1760 1208 aliqua-

971 1221 1043 1252 liter
1067 1223 1137 1261 ¹iam
1164 1224 1235 1262 post
1272 1221 1473 1252 nativitatem
1503 1222 1678 1253 confortata
1704 1231 1762 1262 per

974 1276 1131 1315 gratiam3
1156 1277 1329 1316 postquam
1352 1275 1450 1306 etiam
1472 1277 1519 1307 est
1538 1277 1607 1315 Jam
1622 1285 1680 1315 per
1697 1276 1759 1306 im-

973 1330 1164 1370 positionem
1180 1329 1340 1360 benedicti
1354 1329 1496 1360 nominis
1513 1329 1674 1361 consolata
1691 1339 1762 1362 me-

974 1384 1118 1421 dullitus,
1134 1386 1166 1414 et
1180 1383 1309 1414 tandem
1326 1383 1358 1414 in
1372 1383 1558 1415 adoratione
1579 1393 1653 1415 cum
1670 1384 1760 1424 regi-

973 1438 1034 1469 bus
1048 1438 1219 1468 informata
1239 1437 1410 1475 divinitus3
1439 1437 1517 1477 qnid
1540 1436 1626 1468 aliud
1650 1439 1760 1477 restat,

974 1493 1035 1523 nisi
1051 1494 1085 1523 ut
1106 1492 1141 1523 in
1163 1492 1235 1523 coeli
1253 1494 1395 1523 sanctam
1414 1492 1448 1532 (Γ)
1470 1491 1670 1523 Hierusalem
1687 1502 1761 1533 por-

974 1548 1060 1577 tetur
1076 1548 1107 1577 et
1126 1546 1159 1577 in
1179 1546 1336 1586 templum
1358 1546 1534 1578 divinitatis
1549 1549 1763 1586 praesentetur

974 1601 1069 1639 Deus,
1086 1600 1140 1631 Dei
1160 1602 1191 1631 et
1209 1600 1348 1640 virginis
1368 1600 1474 1631 iilius?
1488 1600 1632 1632 Ascende
1647 1601 1761 1641 igitur,

975 1655 1150 1695 spiritualis
1169 1654 1278 1693 Maria,
1305 1664 1370 1686 non
1391 1656 1459 1695 jam
1475 1655 1508 1685 in
1530 1657 1692 1694 montana,
1709 1656 1764 1688 scd

975 1709 1008 1739 in
1024 1709 1159 1740 coelestis
1171 1709 1372 1740 Hierusalem
1384 1709 1567 1740 habitacula
1577 1710 1679 1741 beatae
1693 1710 1763 1741 Tri-

974 1765 1083 1796 nitatis
1098 1768 1129 1796 et
1148 1765 1325 1797 individuae
1342 1765 1491 1797 Unitatis.
1509 1765 1612 1797 Flecte
1628 1766 1762 1797 humili-

974 1822 1024 1851 ter
1041 1820 1158 1851 mentis
1172 1829 1283 1860 genua
1297 1821 1331 1851 in
1348 1829 1499 1861 supernae
1516 1821 1652 1853 civitatis
1674 1821 1764 1862 pala-

975 1874 1038 1912 tia3
1056 1874 1101 1904 ibi
1119 1876 1192 1905 ante
1215 1874 1371 1905 thronum
1394 1874 1582 1905 aeternitatis
1597 1874 1660 1906 Deo
1677 1874 1763 1906 Patri

976 1928 1083 1959 filium
1108 1930 1201 1960 tuum
1225 1930 1422 1968 repraesenta
1445 1928 1617 1967 laudando,
1636 1929 1761 1968 glorifi-

977 1983 1089 2021 cando,
1107 1985 1138 2014 et
1148 1982 1366 2014 benedicendo
1378 1982 1506 2014 Patrem
1515 1985 1546 2014 et
1558 1983 1677 2014 Filium
1688 1993 1763 2015 cum

976 2039 1086 2068 sancto
1103 2037 1235 2078 Spiritu.
1254 2036 1365 2068 Lauda
1379 2047 1454 2069 cum
1467 2037 1572 2078 jubilo
1588 2037 1685 2069 Deum
1703 2038 1765 2070 Pa-

976 2092 1071 2130 trem,
1090 2100 1147 2131 per
1168 2092 1262 2132 cujus
1279 2091 1523 2132 inspirationem
1546 2092 1668 2123 bonum
1693 2102 1764 2133 pro-

976 2148 1116 2188 positum
1142 2148 1324 2187 concepisti.
1357 2147 1506 2178 Glorifica
1535 2157 1609 2179 cum
1642 2149 1762 2188 gaudio

978 2202 1077 2233 Deum
1091 2202 1221 2240 Filium,
1236 2211 1293 2241 per
1308 2203 1402 2242 quus
1417 2201 1677 2234 informationem
1691 2213 1764 2235 con-

977 2258 1104 2296 ceptum
1120 2255 1320 2296 propositum
1333 2265 1428 2296 opere
1438 2256 1607 2296 perfecisti.
1627 2257 1764 2289 Benedie

977 2315 1008 2344 et
1036 2312 1199 2343 sanctifica
1222 2314 1369 2343 sanctum
1394 2312 1562 2352 Spiritum,
1593 2323 1649 2353 per
1671 2315 1763 2354 cujus

977 2366 1227 2398 consolationem
1258 2367 1292 2397 in
1320 2366 1404 2398 bono
1429 2367 1582 2398 exercitio
1609 2367 1763 2399 hactenus

977 2421 1152 2462 perstitisti.
1181 2421 1204 2452 O
1227 2421 1352 2459 anima,
1377 2421 1478 2452 Deum
1494 2420 1621 2451 Patrem
1642 2421 1675 2451 in
1692 2431 1763 2452 om-

978 2476 1075 2506 nibus
1091 2475 1182 2506 donis
1198 2475 1274 2514 suis⁷
1292 2477 1322 2505 et
1335 2475 1428 2506 bonis
1441 2475 1503 2505 tuis
1519 2475 1675 2514 glorifica,
1686 2476 1764 2516 quia

979 2530 1045 2569 ipse
1060 2531 1118 2567 est,
1136 2529 1193 2569 qui
1210 2531 1240 2560 te
1260 2529 1298 2559 de
1321 2528 1439 2559 saeculo
1459 2538 1516 2568 per
1537 2528 1695 2560 occultam
1711 2529 1761 2560 in-

1011 2628 1042 2658 (¹¹7
1060 2628 1120 2652 Coel.
1135 2627 1195 2651 edil.
1215 2634 1261 2651 non
1279 2629 1355 2658 repel.
1369 2628 1461 2658 ipsum,
1482 2641 1504 2643 —
1525 2627 1557 2657 (h)
1577 2628 1638 2651 (hel,
1656 2628 1717 2651 edit.
1734 2628 1762 2652 si.

982 2677 1007 2680 —
1027 2664 1058 2694 (ι’)
1078 2664 1138 2687 δῖοί.
1154 2663 1214 2687 edit.
1229 2664 1295 2687 deest
1314 2664 1392 2695 quod.
1410 2677 1438 2680 —
1456 2663 1493 2693 (tl)
1514 2664 1577 2687 lteiu
1593 2664 1665 2688 deest
1678 2664 1717 2689 cle.
1734 2678 1763 2682 —-

983 2700 1011 2729 (a)
1029 2700 1090 2724 Cael.
1107 2699 1167 2724 etlzc.
1186 2700 1340 2724 coelestibus.
1358 2714 1385 2717 —
1403 2701 1436 2730 (s)
1455 2700 1516 2723 [lem
1531 2700 1620 2724 sancti.
