2029 3052
80 1199 106 1218 Β.
115 1197 186 1218 Maria

78 1229 140 1255 virga
154 1229 186 1249 tu-

80 1260 188 1281 meainci-

93 1292 172 1319 pienti-

106 1323 157 1344 bus.

631 170 840 205 SPECULUM
863 169 1009 202 BEATAE
1031 169 1172 202 MARIAE
1193 169 1380 202 VlRGINlS.

197 251 266 272 cum
279 243 368 272 Maria
381 242 456 270 sicut
469 241 517 270 Sol
527 248 593 270 cum
612 247 722 269 aurora
742 239 841 276 ipsum
863 246 976 275 proeve-

196 291 305 326 niente,
321 290 476 318 videamus
498 295 578 317 nunc
596 286 752 324 quomodo
778 285 920 314 Dominus
942 285 979 313 sit

197 346 266 367 cum
280 337 369 366 Maria
382 336 457 365 sicut
474 335 530 364 flos
549 341 617 364 cum
636 333 720 369 virga
739 333 873 362 florente.
890 332 978 361 Maria

198 385 278 413 enim
293 386 335 413 est
349 383 400 412 illa
419 383 516 419 virga,
537 382 574 410 de
593 388 654 417 qua
670 380 775 408 dicitur
796 380 827 408 in
850 380 927 408 isaia
943 381 951 397 ¹
969 388 976 407 :

198 432 360 468 Eqredietur
377 432 457 466 virga
473 431 506 458 de
523 429 616 458 radice
636 430 718 463 Jesse,
734 430 760 456 et
778 429 825 462 [los
840 427 873 455 dc
887 427 979 455 radice

198 479 254 515 effus
268 479 403 514 ascendet,
422 481 448 507 et
461 479 609 514 requiescet
622 485 705 513 super
719 484 778 504 eum
791 476 908 511 spiritus
924 476 978 502 Do-

199 528 279 562 mini,
307 527 423 562 spiritus
451 526 594 561 sapientiae
621 527 646 552 et
673 524 836 557 intellectus,
864 523 979 557 spiritus

199 575 307 602 consilii
321 575 345 601 et
356 573 544 607 tortitudinis,
555 573 672 606 spiritus
682 571 803 598 scientiae
815 573 839 597 et
853 570 976 604 pietatis,

200 623 225 648 et
239 620 353 656 replebit
368 627 427 647 eum
439 620 555 655 spiritus
567 619 673 646 timoris
688 617 806 645 Domini.
821 616 868 644 His
881 615 980 643 verbis

200 668 321 696 oculum
331 667 438 695 mentis
450 673 647 702 apponamus,
660 666 689 693 et
695 665 793 702 primo
803 665 843 693 ad
853 664 979 700 virgam,

200 714 332 743 secundo
357 714 395 742 ad
420 713 527 742 florem
556 712 825 741 considerationem
848 712 980 739 nostram

201 761 374 797 dirigamus.

236 807 333 836 Primo
348 806 580 842 consideremus,
597 805 772 841 charissimi,
794 805 878 842 quod
896 805 981 840 virga

199 855 266 889 ista,
277 854 362 889 virga
376 853 468 889 regia,
485 855 528 881 est
539 853 624 889 virgo
635 853 733 888 Maria,
749 852 822 880 sicut
835 853 915 888 patet
928 859 982 887 per

198 901 321 930 beatum
336 900 489 929 doctorem
504 901 704 935 Ambrosium,
720 899 772 936 qui
788 899 907 927 beatam
922 899 982 926 Vir-

201 949 302 985 ginem
314 948 483 984 alloquens,
500 948 540 976 ait
553 948 563 964 ²
583 957 589 976 :
608 957 621 974 «
642 949 682 975 Tu
703 947 779 983 ipsa,
801 954 867 983 quae
883 945 982 974 Domi-

201 1003 274 1023 num
288 995 426 1031 genuisti,
443 1003 478 1023 ex
492 995 606 1032 populo
622 995 709 1024 lsrael
724 1003 730 1022 ε
747 994 778 1021 in
792 993 910 1029 virgam
922 1000 981 1021 cre-

202 1043 277 1075 visti,
294 1042 378 1078 virga
398 1043 435 1071 de
457 1042 557 1070 radice
578 1044 656 1070 Jesse
677 1051 684 1070 :
712 1041 861 1069 surrexisti
885 1042 912 1068 et
928 1040 982 1068 flo—

201 1089 294 1124 ruisti,
307 1089 391 1125 virga
406 1092 515 1124 Aaron,
529 1089 686 1117 fronduisti
702 1091 729 1116 et
742 1087 891 1124 peperisti.
909 1097 923 1114 ι)
937 1089 983 1115 Est

203 1138 302 1164 autem
321 1137 410 1165 Maria
423 1137 508 1172 virga
527 1136 637 1171 fumea,
659 1135 742 1171 virga
764 1135 873 1170 lignea,
898 1135 982 1169 virga

203 1191 302 1218 aurea,
319 1183 402 1219 virga
416 1183 521 1211 ferrea.
537 1182 627 1211 Maria
641 1183 683 1210 est
695 1182 779 1217 virga
795 1181 895 1209 fumea
907 1180 981 1208 inci-

201 1230 361 1266 pientibus,
374 1230 460 1266 virga
472 1229 571 1265 lignea
585 1229 819 1265 proficientibus,
833 1228 917 1263 virga
932 1235 982 1255 au-

201 1285 251 1305 rea
274 1277 561 1312 consummantibus,
582 1276 668 1312 virga
683 1275 778 1303 ferrea
795 1274 983 1310 incorrigibi-

200 1324 279 1352 libus
294 1325 322 1352 et
340 1323 537 1351 daemonibus.

237 1371 306 1398 Dico
319 1370 403 1407 quod
418 1370 506 1405 Virgo
522 1369 611 1398 Maria
627 1370 668 1397 est
687 1368 772 1404 virga
786 1368 887 1396 fumea
908 1367 981 1395 inci-

200 1417 350 1454 pientibus
364 1419 392 1445 et
406 1417 627 1453 poenitentibus.
651 1418 687 1444 De
704 1416 760 1443 hac
774 1415 860 1450 virga
875 1414 983 1442 dicitur

201 1465 232 1492 in
249 1465 368 1492 Canticis
381 1465 390 1481 3
404 1473 413 1492 .-
429 1465 494 1497 Quoe
516 1466 554 1492 est
574 1465 640 1497 ista,
656 1471 714 1498 quae
729 1462 851 1490 ascendit
871 1470 921 1497 per
936 1462 982 1489 de-

201 1513 300 1539 sertum
315 1512 386 1538 sicut
399 1512 508 1545 virgula
527 1511 601 1545 fumi
623 1518 655 1538 eoe
676 1510 843 1537 aromatibus
868 1509 983 1543 myrrhoe

202 1561 227 1586 et
248 1559 347 1591 thuris,
363 1560 389 1585 et
402 1559 523 1585 universi
536 1559 658 1593 pulveris
673 1557 874 1592 pigmentarii?
884 1557 984 1584 Deser-

202 1606 265 1633 tum
281 1607 324 1633 est
339 1613 390 1633 cor
403 1605 578 1641 peccatoris,
606 1604 688 1640 quod
711 1603 813 1639 utique
833 1603 983 1630 desertum

203 1654 246 1680 est
269 1660 287 1680 a
308 1651 400 1687 gratia
421 1654 449 1679 et
468 1651 635 1679 virtutibus.
659 1652 767 1678 Fumus
789 1649 983 1684 aromaticus,

202 1699 301 1726 fumus
315 1699 413 1726 suavis
432 1698 548 1733 animae,
566 1699 608 1725 est
628 1697 767 1733 aspiratio
790 1697 852 1733 spei
880 1697 981 1724 veniae.

202 1748 288 1774 Beata
312 1745 411 1781 itaque
437 1745 522 1780 virgo
545 1744 634 1772 Maria
655 1751 708 1780 per
728 1744 877 1772 desertum
899 1744 984 1779 quasi

203 1792 320 1828 virgula
330 1792 403 1819 fumi
416 1792 560 1824 ascendit,
570 1791 704 1827 quando,
716 1791 780 1827 ipsa
791 1791 982 1826 suffragante,

205 1847 256 1867 cor
266 1839 428 1875 peccatoris
440 1839 556 1866 sumum
570 1838 663 1865 veniae
673 1837 810 1874 suscepit.
826 1838 875 1865 Hic
886 1840 983 1866 autem

204 1885 303 1913 fumus
317 1887 475 1920 generatur
490 1893 526 1913 ex
542 1885 725 1912 aromatibus
737 1885 909 1920 myrrhaein.
916 1893 984 1912 con-

205 1933 332 1966 tritione,
355 1934 382 1960 et
405 1932 498 1960 thuris
522 1932 553 1959 in
579 1931 775 1966 confessione,
801 1934 828 1959 et
854 1932 985 1959 universi

205 1980 336 2017 pulveris
346 1979 535 2016 pigmentarii
546 1979 577 2006 in
587 1978 766 2006 multimoda
776 1979 983 2007 satisfactione.

205 2027 325 2055 Nullum
343 2027 475 2062 piissima
493 2026 577 2061 virgo
598 2025 686 2053 Maria
706 2025 854 2053 desertum
876 2026 985 2054 abhor-

204 2076 257 2109 ret,
273 2074 391 2101 nullum
404 2074 590 2109 peccatorem
607 2072 745 2108 despicit‚·
767 2073 820 2100 >ed
838 2081 985 2108 quocum-

206 2129 264 2156 que
283 2120 493 2156 pertransierit,
516 2119 723 2147 suavissimum
744 2120 806 2155 spei
827 2120 920 2147 veniae
941 2119 986 2147 fu-

206 2175 287 2195 mum
303 2167 455 2203 respergit.
472 2166 553 2194 Unde
569 2166 680 2202 optime
694 2167 798 2194 beatus
819 2167 986 2194 Bernardus

207 2213 248 2240 sic
263 2213 302 2241 ait
315 2212 325 2228 ”
345 2222 350 2241 ;
372 2223 385 2240 «
407 2215 592 2241 peccatorem
613 2214 888 2250 quantumcumque
910 2213 986 2241 foeti-

208 2260 280 2288 dum
292 2268 354 2288 non
364 2260 478 2296 horres,
492 2269 554 2289 non
569 2261 706 2297 despicis,
721 2262 744 2289 si
760 2262 798 2290 ad
815 2263 841 2289 te
856 2263 986 2298 suspira-

207 2307 298 2342 verit,
323 2308 467 2343 tuumque
495 2308 693 2336 interventum
721 2308 874 2344 poenitenti
896 2309 986 2337 corde

207 2353 397 2389 flagitaverit,
415 2356 445 2381 tu
466 2354 552 2382 illum
568 2355 605 2382 de
627 2355 841 2391 desperationis
865 2356 986 2384 baratro

207 2401 258 2436 pia
272 2408 364 2428 manu
378 2400 513 2435 retrahis,
529 2401 591 2437 spei
613 2402 797 2430 medicamen
813 2403 935 2438 aspiras,
953 2411 986 2431 ac

208 2447 259 2475 toti
275 2448 388 2475 mundo
400 2448 572 2484 despectum
587 2450 720 2477 materno
736 2449 842 2477 aflectu
857 2450 986 2486 amplec-

242 2533 248 2548 ¹
266 2533 325 2563 Isa„
342 2539 378 2563 xx,
395 2534 418 2562 1,
433 2535 455 2557 2.
468 2547 498 2550 —
514 2533 524 2549 ²
537 2533 666 2563 Ambros,
683 2533 722 2557 vel
737 2535 851 2566 quisquis
866 2536 898 2560 sit
913 2536 986 2567 alius,

210 2567 239 2591 cle
257 2569 345 2598 Purz'fi.
364 2569 393 2592 B.
415 2569 449 2592 M.
477 2569 557 2600 Virq„
578 2576 655 2593 serm.
675 2583 705 2587 κ
723 2570 733 2586 ³
752 2574 834 2601 tunt,
856 2577 898 2602 111,
915 2574 937 2595 6.
957 2585 983 2589 ——

211 2603 218 2617 ⁴
234 2603 280 2627 vel
304 2604 403 2628 Ecbert.
416 2618 447 2622 —-
461 2605 471 2621 5
485 2605 572 2633 Num„
591 2611 654 2635 xvn,
672 2606 695 2629 8.
714 2618 744 2623 —-
763 2606 772 2619 θ
792 2607 877 2635 Cant„
896 2613 926 2637 11,
950 2610 984 2631 lt.

213 2652 242 2657 —
256 2639 265 2656 ⁷
282 2639 327 2664 Vel
341 2640 451 2670 E«:hert.,
465 2641 507 2664 ubi
523 2648 600 2671 supra
618 2641 744 2672 proxime,
761 2649 785 2666 n.
804 2644 826 2672 12,
848 2643 890 2666 ubi
910 2651 987 2675 supra

1753 169 1811 199 267

1033 238 1111 274 teris,
1132 238 1227 274 foves,
1252 245 1307 266 nec
1327 237 1448 273 deseris,
1473 244 1632 274 quousque
1655 235 1811 266 tremendo

1030 285 1124 321 judici
1139 285 1281 314 miserum
1294 284 1477 314 reconcilies.
1490 294 1504 311 n

1069 334 1139 361 Item
1154 332 1238 368 virgo
1259 332 1348 361 Maria
1367 333 1409 361 est
1430 331 1516 368 virga
1532 331 1643 368 lignea,
1661 331 1745 367 virga
1760 331 1812 359 sso-

1032 379 1099 407 rida
1114 379 1347 416 proficientibus.
1363 381 1401 407 De
1417 379 1472 407 hac
1487 379 1571 415 virga
1585 378 1691 407 dicitur
1705 378 1737 406 in
1751 379 1810 408 Να-

1033 428 1114 454 meris
1128 426 1149 461 ⁵,
1170 426 1253 462 quod
1273 426 1358 462 virga
1376 429 1484 462 Aaron,
1509 434 1575 463 quae
1596 426 1698 463 utique
1714 425 1813 461 lignea

1032 473 1101 507 fuit,
1123 473 1211 501 ssores
1231 473 1319 501 simul
1342 475 1369 501 et
1394 473 1521 502 fructum
1547 473 1660 501 habuit.
1684 473 1736 500 Per
1757 472 1812 500 sso-

1033 528 1080 548 res
1096 520 1218 548 virtutes
1233 520 1396 555 signantur,
1412 529 1478 557 quae
1492 522 1558 557 post
1578 519 1735 548 transitum
1749 519 1813 547 dia-

1034 568 1140 596 bolicae
1154 567 1260 595 hiemis
1273 567 1304 595 in
1320 568 1461 596 cordibus
1477 568 1622 603 oriuntur,
1645 567 1719 595 sicut
1736 566 1813 595 bene

1035 615 1072 643 de
1087 615 1133 643 his
1147 614 1272 642 floribus
1287 615 1394 643 dicitur
1414 615 1444 643 in
1464 616 1586 644 Canticis
1602 616 1612 632 ⁶
1628 624 1635 643 z
1656 616 1717 643 Jam
1731 615 1814 642 hiems

1036 663 1162 697 transiit,
1176 663 1241 696 etc„
1253 670 1347 698 usque
1359 664 1462 690 nostra.
1475 663 1613 690 Transeat
1627 670 1697 698 ergo
1708 661 1813 696 hiems,

1036 712 1163 739 transeat
1177 711 1290 747 torpor,
1305 718 1366 746 quo
1383 710 1509 738 charitas
1523 709 1693 746 refrigescit,
1708 711 1735 738 et
1746 711 1814 737 tunc

1034 758 1141 786 iterum
1155 757 1243 786 flores
1257 757 1399 785 virtutum
1413 758 1583 793 appareant.
1597 758 1618 785 Ο
1635 756 1752 793 quantis
1762 756 1816 784 flo-

1034 805 1118 833 ribus
1131 805 1220 840 Virgo
1235 804 1344 832 florida
1358 803 1534 839 abundavit,
1557 805 1627 831 teste
1642 803 1730 832 beato
1747 805 1815 831 Ber-

1036 852 1131 880 nardo
1147 853 1168 886 ⁷,
1185 852 1237 888 qui
1251 851 1347 888 ipsam
1362 851 1522 887 alloquens
1538 850 1578 878 ait
1594 859 1600 878 :
1621 861 1634 876 «
1647 852 1688 878 Tu
1701 851 1816 878 sancto-

1036 907 1103 926 rum
1123 898 1224 927 areola
1244 899 1427 933 aromatum,
1444 906 1462 926 a
1482 897 1593 926 coelesti
1614 897 1728 925 consita
1752 897 1817 933 pig-

1036 946 1195 981 mentario,
1211 945 1354 974 virtutum
1370 945 1505 973 omnium
1519 945 1643 974 floribus
1657 944 1817 972 delectabi-

1036 994 1102 1022 liter
1116 1000 1244 1021 vernans
1257 1000 1287 1020 es
1299 992 1347 1028 (a).
1359 1003 1371 1017 »
1387 992 1466 1020 Sicut
1480 993 1579 1020 autem
1587 1000 1641 1028 per
1653 991 1742 1020 flores
1757 991 1817 1019 vir-

1037 1043 1122 1074 tutes,
1137 1040 1177 1068 ita
1198 1048 1251 1076 per
1266 1039 1375 1067 fruetus
1390 1044 1483 1075 opera
1496 1039 1638 1066 virtutum
1652 1039 1816 1074 signantur.

1038 1090 1076 1116 De
1090 1087 1136 1115 his
1150 1087 1227 1115 bene
1243 1086 1350 1114 dicitur
1365 1086 1375 1103 ⁸
1392 1096 1398 1114 :
1416 1087 1441 1114 A
1454 1086 1591 1120 fructibus
1608 1094 1697 1113 eorum
1707 1093 1817 1120 cognos-

1037 1136 1103 1163 cetis
1116 1142 1166 1162 eos.
1193 1134 1318 1168 Quando
1335 1141 1406 1168 ergo
1422 1133 1453 1160 in
1466 1133 1624 1160 virtutibus
1638 1134 1666 1160 et
1679 1132 1711 1160 in
1724 1132 1818 1160 virtu-

1037 1183 1101 1209 tum
1125 1181 1282 1218 operibus,
1305 1189 1359 1217 per
1385 1180 1522 1216 exempla
1547 1181 1575 1207 et
1597 1179 1702 1207 merita
1725 1179 1819 1207 Mariae

1037 1228 1226 1264 proficimus,
1242 1230 1310 1256 tunc
1326 1227 1409 1263 virga
1425 1227 1541 1262 lignea,
1552 1226 1660 1254 florida
1677 1228 1705 1254 et
1721 1226 1820 1254 fructi—

1036 1274 1100 1302 fera
1114 1274 1202 1303 nobis
1216 1276 1259 1302 est
1272 1275 1357 1310 virgo
1373 1275 1471 1302 Maria.

1074 1324 1145 1350 Item
1160 1323 1247 1358 Virgo
1262 1323 1352 1350 Maria
1367 1324 1409 1350 est
1430 1322 1514 1357 virga
1528 1329 1619 1349 aurea
1641 1319 1777 1357 perfectis
1792 1321 1820 1347 et

1040 1369 1287 1405 contemplativis,
1312 1370 1350 1397 De
1371 1369 1427 1396 hac
1451 1369 1537 1404 virga
1557 1368 1664 1403 legitur
1688 1368 1709 1402 ⁹,
1736 1367 1819 1403 quod

1039 1417 1140 1445 Esther
1158 1425 1226 1444 cum
1242 1416 1360 1444 duabus
1376 1415 1492 1452 puellis-
1502 1415 1635 1450 ingressa
1652 1416 1694 1442 est
1715 1414 1755 1442 ad
1775 1423 1820 1442 re-

1040 1472 1107 1499 gem
1121 1466 1290 1498 Assuerum,
1313 1471 1381 1490 cum
1402 1471 1463 1498 prae
1487 1462 1580 1490 nimio
1601 1464 1720 1498 stupore
1743 1469 1820 1498 pene

1041 1511 1208 1538 exanimata
1221 1510 1331 1544 fuisset,
1348 1509 1478 1537 extendit
1493 1509 1532 1537 ad
1547 1517 1613 1536 eam
1628 1510 1689 1536 Rex
1704 1509 1821 1544 virgam

1040 1565 1162 1586 auream
1177 1557 1215 1585 ad
1236 1556 1465 1584 confortandum
1486 1556 1591 1592 ipsam.
1614 1556 1714 1583 Esther
1732 1555 1821 1583 inter-

1039 1606 1171 1641 pretatur
1189 1605 1292 1631 elevata
1302 1603 1350 1631 vel
1366 1604 1533 1637 abscondita,
1544 1604 1571 1630 et
1581 1603 1677 1638 signat
1690 1602 1822 1630 animam

1041 1651 1314 1687 contemplativam,
1337 1658 1429 1686 quam
1444 1650 1474 1677 in
1497 1649 1745 1685 contemplatione
1762 1649 1821 1676 ele-

1041 1700 1090 1726 vat
1107 1700 1191 1732 Deus,
1207 1699 1235 1725 et
1250 1697 1407 1725 abscondit
1422 1697 1453 1725 in
1469 1696 1645 1724 abscondito
1660 1696 1746 1723 faciei
1762 1704 1821 1723 suae

1042 1753 1059 1773 a
1075 1745 1302 1773 conturbatione
1318 1744 1484 1772 hominum.
1502 1745 1557 1772 Ista
1572 1751 1625 1779 per
1640 1743 1822 1778 contempla-

1042 1793 1152 1820 tionem
1182 1792 1347 1827 ingreditur
1369 1792 1405 1818 ad
1436 1799 1538 1825 regem
1569 1790 1724 1817 Christum.
1755 1791 1822 1817 Duae

1041 1839 1160 1875 puellae,
1176 1847 1244 1866 cum
1261 1838 1370 1874 quibus
1388 1838 1562 1872 ingreditur,
1579 1839 1646 1864 sunt
1662 1837 1727 1865 duae
1745 1837 1823 1865 vires

1043 1886 1158 1917 animae,
1174 1885 1313 1912 videlicet
1327 1884 1516 1918 intellectiva,
1537 1892 1602 1919 quae
1616 1884 1756 1919 praecedit
1770 1892 1823 1919 per

1043 1932 1255 1967 cognitionem,
1272 1934 1299 1959 et
1318 1931 1464 1965 affectiva,
1480 1939 1547 1966 quae
1563 1930 1695 1966 sequitur
1710 1938 1762 1966 per
1777 1930 1823 1958 di-

1042 1979 1210 2007 lectionem.
1230 1979 1336 2006 Anima
1355 1980 1465 2011 autem,
1482 1986 1547 2014 quae
1562 1978 1603 2005 sic
1619 1978 1657 2005 ad
1677 1977 1823 2005 Christum

1042 2027 1120 2054 bene
1132 2026 1265 2061 ingressa
1280 2025 1375 2060 fuerit,
1393 2026 1456 2061 ipsa
1471 2033 1530 2061 pree
1552 2026 1671 2060 stupore
1686 2025 1822 2060 quand0<

1043 2081 1102 2109 que
1122 2081 1139 2101 a
1161 2081 1191 2100 se
1216 2072 1332 2107 deficit,
1360 2072 1432 2100 dum
1456 2072 1693 2099 inaccessibilem
1714 2072 1823 2099 divinae

1044 2120 1147 2156 gloriae
1164 2119 1337 2154 claritatem,
1352 2119 1399 2146 vcl
1415 2119 1575 2146 terribilem
1591 2118 1698 2146 divinae
1709 2118 1825 2153 justitiae

1043 2167 1226 2195 severitatem
1247 2166 1379 2194 attendit.
1398 2166 1484 2200 Virga
1509 2173 1609 2200 aurea,
1625 2165 1709 2200 virga
1730 2165 1823 2200 regia,

1044 2216 1086 2242 est
1106 2214 1158 2241 illa
1182 2221 1281 2247 aurea,
1305 2213 1356 2240 illa
1380 2212 1462 2248 regia
1479 2212 1564 2247 virgo
1588 2212 1678 2239 Maria
1700 2222 1706 2239 ι
1734 2219 1825 2240 aurea

1044 2261 1167 2297 quidem
1183 2260 1336 2292 charitate;
1353 2259 1434 2294 regia
1451 2267 1521 2287 vero
1536 2258 1690 2287 nobilitate
1706 2268 1713 2286 ;
1735 2266 1825 2286 aurea

1044 2315 1166 2344 quoque
1182 2315 1235 2343 per
1255 2306 1446 2342 munditiam,
1472 2306 1553 2341 regia
1573 2314 1645 2334 vero
1667 2314 1720 2342 per
1738 2306 1824 2341 justi-

1044 2355 1115 2383 tiam
1132 2364 1138 2382 ε
1154 2362 1245 2381 aurea
1264 2354 1386 2389 insuper
1401 2362 1453 2390 per
1467 2353 1721 2389 incorruptionem
1736 2354 1764 2380 et
1778 2352 1824 2379 in-

1043 2402 1210 2437 tegritatem
1224 2401 1414 2437 virginalem,
1431 2400 1514 2436 regia
1528 2408 1599 2428 vero
1614 2408 1667 2436 per
1688 2400 1825 2428 domina-

1044 2449 1155 2477 tionem
1179 2451 1206 2476 et
1228 2450 1404 2485 potestatem
1429 2448 1570 2483 regalem.
1597 2449 1661 2475 Haec
1690 2449 1733 2475 est
1754 2447 1825 2474 felix

1044 2497 1137 2531 virga,
1152 2504 1218 2532 quae
1232 2496 1271 2524 ad
1287 2496 1418 2524 animam
1433 2494 1694 2531 contemplativam
1706 2494 1825 2522 confor-

1044 2544 1167 2572 tandam
1192 2544 1350 2572 clementer
1382 2543 1564 2576 extenditur,
1598 2543 1720 2578 quando
1754 2542 1825 2569 felix

1044 2599 1175 2630 proxime,
1189 2606 1214 2623 n.
1231 2600 1253 2623 4.
1271 2613 1300 2616 —
1315 2598 1325 2614 ⁸
1340 2598 1442 2628 illailla,
1459 2604 1503 2627 vu,
1520 2598 1588 2621 16.—
1607 2598 1615 2610 ²*
1630 2595 1713 2626 Esth.,
1729 2602 1772 2626 xv,
1784 2598 1823 2620 115.

1078 2646 1113 2676 (a)
1130 2644 1200 2668 Edit.
1218 2644 1316 2668 Mabill.
1337 2650 1436 2667 vernas.
1453 2643 1479 2666 S.
1499 2643 1572 2666 Rern.
1586 2643 1645 2666 lom.
1663 2643 1688 2672 V,
1705 2641 1752 2666 col.
1769 2642 1822 2667 689.

1827 339 1852 358 B.
1863 337 1934 358 Maria

1849 369 1912 395 virgo

1841 399 1919 420 florida

1849 433 1913 460 proti-

1840 464 1907 485 cicnti
1912 475 1919 480 ·

1854 496 1904 517 bus.

1835 1330 1860 1349 B.
1869 1328 1940 1349 Maria

1834 1360 1897 1386 virga
1903 1365 1940 1379 nu-

1834 1398 1871 1412 res
1890 1397 1941 1418 per-

1834 1423 1904 1444 sectis.
