2029 3052
635 250 821 284 OFFICIUM
843 251 894 283 DE
917 251 1112 285 PASSIONE
1133 253 1286 287 DOMINI.

188 321 275 351 Periit
287 321 358 358 fuga
372 328 391 350 a
403 328 470 350 me:
483 321 511 350 et
524 327 587 350 non
601 320 652 356 est,
666 319 718 356 qui
727 318 859 356 requirat
871 319 934 348 ani-

152 377 234 398 mam
248 377 356 398 meam.

189 416 321 445 Clamavi
349 416 389 444 ad
413 416 452 450 te,
475 414 617 450 Domine3
639 414 701 443 dixi
722 423 728 442 :

152 472 230 499 mea,
246 463 343 500 portio
359 470 426 491 mea
440 462 472 490 in
485 463 563 490 terra
577 462 751 490 viventium.

188 510 308 539 intende
323 510 362 539 ad
376 509 616 546 deprecationem
637 517 736 540 meam
753 519 760 538 ε
783 509 855 546 quia
876 509 932 538 hu-

152 558 281 586 miliatus
295 565 362 585 sum
378 557 476 585 nimis.

188 605 293 633 Libera
313 612 361 633 me
382 612 400 633 a
419 604 669 641 persequentibus
683 612 731 633 me
747 612 754 632 τ
774 603 846 640 quia
863 611 934 632 con-

151 651 248 681 fortati
263 654 331 680 sunt
344 659 433 688 super
449 659 508 679 me.

187 699 268 728 Educ
283 698 320 727 de
337 698 471 727 custodia
481 698 613 727 animam
629 706 728 727 meam
739 698 775 727 ad
790 698 933 727 confiten-

152 746 225 774 dum
237 745 352 774 nomini
366 746 436 773 tuo:
449 753 497 774 me
509 747 665 782 expectant
677 745 759 781 justi,
775 745 872 774 donec
886 753 933 774 re-

150 792 262 821 tribuas
275 791 359 820 mihi.

185 839 283 868 Gloria
303 838 388 867 Patri.
412 839 525 875 Antiph.
546 843 552 860 ¹
570 840 687 868 Etcum
710 839 870 876 accepisset
887 841 933 868 Je-

148 895 198 916 sus
213 888 340 921 acetum,
356 887 430 916 dixit
445 896 452 916 ε
469 888 714 917 consummatum
729 890 780 916 est.
799 889 833 916 Et
845 887 932 916 incli-

150 936 220 963 nato
236 934 342 971 capite,
358 934 454 963 emisit
463 934 609 972 spiritum.

754 416 795 443 Tu
815 422 846 443 es
865 422 933 452 spes

445 1014 603 1050 Capitulum
614 1014 635 1042 ².

186 1077 312 1105 Decebat
331 1085 411 1112 eum,
430 1085 484 1114 per
505 1085 597 1113 quem
621 1077 733 1112 omnia,
760 1078 789 1104 et
810 1078 933 1113 propter

149 1132 240 1161 quem
253 1125 354 1153 omnia
363 1123 441 1152 facta
454 1126 532 1159 sunt,
548 1124 599 1161 qui
613 1124 723 1152 multos
735 1124 811 1153 filios
825 1125 856 1152 in
869 1124 933 1160 glo-

148 1171 224 1199 riam
251 1171 428 1207 adduxerat,
451 1173 603 1199 auctorem
623 1171 726 1199 salutis
746 1179 851 1200 eorum
879 1179 933 1207 per

147 1218 318 1254 passionem
335 1218 548 1246 consummari.

184 1267 213 1298 Ῡ.
233 1265 366 1293 Tradidit
384 1265 416 1293 in
436 1267 563 1293 mortem
585 1266 717 1293 animam
741 1274 836 1294 suam.
854 1266 884 1301 13).
900 1267 933 1294 Et

148 1320 217 1340 cum
236 1312 307 1341 viris
331 1312 479 1341 sceleratis
501 1313 659 1350 deputatus
678 1315 730 1342 est.
749 1314 847 1350 Kyrie,
860 1314 931 1342 elei-

147 1368 212 1388 son.
230 1360 351 1392 Christe,
365 1360 486 1388 eleison.
502 1360 600 1397 Kyrie,
611 1361 733 1390 eleison.
743 1361 874 1397 Domine,
884 1369 932 1389 ex—

148 1406 220 1435 audi
235 1407 401 1436 orationem
415 1415 526 1443 meam,
542 1409 597 1436 etc.

492 1486 597 1514 Oratio.

185 1548 308 1576 Domine
324 1549 390 1576 Jesu
405 1548 528 1583 Christe,
543 1548 595 1584 qui
610 1548 686 1576 hora
702 1548 762 1576 diei
779 1556 860 1577 nona
874 1557 930 1585 pro

147 1593 239 1622 salute
254 1596 355 1623 nostra
368 1594 502 1623 humana
516 1595 547 1622 in
561 1596 689 1623 mortem
704 1595 836 1624 animam
850 1597 931 1624 tuam

148 1641 305 1676 tradidisti,
329 1643 357 1669 et
379 1642 470 1670 coelos
497 1642 666 1677 ascendisti,
693 1642 813 1671 vivifica
839 1643 931 1671 corda

148 1690 249 1716 nostra
262 1696 316 1724 per
325 1688 504 1716 infusionem
515 1689 556 1717 tui
569 1689 689 1724 amoris,
706 1691 738 1717 ut
752 1692 778 1718 te
794 1690 929 1725 diligere,

148 1737 307 1771 menteque
318 1735 486 1764 coelestibus
497 1735 651 1772 inhaerere,
668 1738 696 1764 et
710 1739 838 1765 mortem
848 1740 930 1765 tuam

148 1784 254 1810 nostrae
272 1783 369 1811 carnis
389 1783 614 1811 mortificatione
629 1783 737 1811 imitari
751 1784 905 1812 valeamus
921 1794 928 1812 :

148 1831 181 1857 ut
196 1829 268 1857 dum
277 1830 333 1857 tuis
341 1830 376 1866 (a)
385 1830 532 1866 passionae
542 1831 703 1867 participes
710 1831 865 1867 efficimur,
875 1834 931 1860 tuae

150 1876 361 1905 consolationis
372 1885 426 1905 nos
439 1877 529 1906 facias
542 1886 604 1905 esse
618 1880 778 1907 consortes.
790 1879 844 1912 Qui
856 1879 929 1907 vivis

150 1925 178 1951 et
190 1931 308 1959 regnas,

414 2028 459 2055 AD
479 2027 661 2056 VESPERAS.

186 2115 270 2148 Deus,
285 2114 316 2141 in
331 2113 515 2149 adiutorium
529 2123 631 2143 meum
644 2115 776 2144 intende.

186 2162 302 2196 Antiph.
320 2161 429 2197 Dignus
449 2170 489 2190 es.

443 2242 568 2269 Psamms
586 2242 631 2269 29.

185 2301 328 2330 Exaltabo
342 2303 380 2336 te,
396 2302 529 2336 Domine,
539 2303 683 2338 quoniam
693 2303 845 2339 suscepisti
860 2312 925 2332 me:

149 2356 203 2376 nec
219 2348 370 2377 delectasti
384 2348 519 2376 inimicos
534 2357 616 2377 meos
631 2358 720 2386 super
734 2358 791 2378 me.

186 2395 308 2424 Domine
323 2397 398 2424 Deus
413 2404 506 2430 meuS,
521 2396 647 2425 clamavi
663 2397 701 2425 ad
716 2398 742 2425 te
756 2407 761 2424 :
778 2399 806 2426 et
820 2398 927 2426 sanasti

149 2451 207 2471 me.

186 2490 319 2525 Domine,
333 2490 481 2518 deduxisti
492 2490 530 2518 ab
541 2490 655 2518 inferno
669 2491 799 2519 animam
810 2500 925 2520 meam:

150 2536 267 2565 salvasti
281 2545 329 2565 me
345 2545 363 2565 a
377 2537 626 2565 descendentibus
640 2537 671 2564 in
685 2537 794 2565 lacum.

187 2583 301 2612 psallite
320 2585 458 2619 Domino,
482 2584 574 2612 sancti
600 2584 663 2619 ejus
679 2594 685 2611 ε
705 2587 732 2612 et
747 2585 927 2614 confitemini

150 2631 300 2659 memoriae
314 2631 472 2660 sanctitatis
487 2632 559 2667 ejus.

182 2691 188 2706 ¹
205 2690 286 2721 Jorzn„
304 2697 359 2721 XIX,
373 2693 410 2715 30.
426 2704 456 2708 -—-
471 2691 479 2704 ²
494 2690 579 2722 Heba,
595 2691 676 2721 1510.
690 2703 720 2708 -
735 2690 743 2704 '²'
758 2690 842 2721 Hebr„
860 2698 887 2723 Η,
903 2695 926 2717 9.

182 2731 215 2761 (ιι)
229 2731 290 2755 Coet.
308 2731 368 2755 edet.
384 2734 426 2755 lua
440 2731 570 2763 passione.

1715 260 1772 290 159

1026 321 1174 355 Quoniam
1188 322 1233 352 ira
1246 323 1277 352 in
1292 323 1498 360 indignatione
1519 323 1583 360 ejus
1599 333 1606 353 ε
1622 326 1650 353 et
1664 325 1724 354 vita
1741 325 1773 354 in

989 366 1143 397 voluntate
1157 369 1230 405 ejus.

1025 414 1069 442 Ad
1083 423 1239 452 vesperum
1254 417 1460 447 demorabitur
1475 418 1560 448 fletus
1583 428 1590 447 :

987 460 1114 489 tutinum
1129 462 1236 492 laetitia.

1025 509 1087 543 Ego
1102 511 1202 538 autem
1217 511 1279 539 dixi
1294 512 1325 540 in
1340 512 1525 542 abundantia
1534 521 1603 542 mea
1614 522 1620 541 :
1633 515 1697 542 Non
1706 522 1772 543 mo-

989 555 1085 584 vebor
1099 556 1130 584 in
1144 559 1296 586 aeternum.

1025 603 1160 640 Domine,
1185 605 1216 632 in
1236 605 1387 635 voluntate
1403 609 1453 636 tua
1469 617 1475 636 :
1497 608 1654 645 praestitisti
1669 609 1772 638 decori

989 658 1058 678 meo
1072 650 1221 680 virtutem.

1026 698 1160 726 Avertisti
1181 698 1287 728 faciem
1311 701 1394 729 tuam
1412 709 1431 730 a
1457 710 1505 731 me
1527 711 1534 730 :

990 745 1194 774 conturbatus.

1026 791 1070 820 Ad
1085 793 1123 827 te,
1141 792 1276 829 Domine,
1291 793 1447 824 clamabo:
1465 797 1492 823 et
1507 796 1546 824 ad
1564 798 1656 826 Deum
1670 806 1771 827 meum

989 837 1184 874 deprecabor.

1024 886 1093 919 Quae
1103 887 1212 916 utilitas
1222 888 1254 916 in
1266 889 1409 925 sanguine
1424 898 1492 919 meo
1509 899 1516 918 ε
1533 891 1606 919 dum
1621 891 1771 921 descendo

988 932 1020 960 in
1032 935 1254 970 corruptionem
1264 937 1279 964 ⁴?

1024 982 1176 1018 Numquid
1191 983 1380 1012 confitebitur
1394 984 1447 1013 tibi
1462 985 1559 1021 pulvis
1572 996 1579 1015 :
1595 988 1646 1015 aut
1658 995 1771 1016 annun-

989 1027 1073 1056 tiabit
1087 1029 1241 1058 veritatem
1255 1031 1359 1060 tuam?

1024 1075 1143 1104 Audivit
1157 1077 1310 1113 Dominus,
1327 1081 1354 1107 et
1367 1079 1504 1108 misertus
1519 1082 1562 1109 est
1575 1082 1634 1110 mei
1648 1091 1655 1110 :
1672 1083 1771 1111 Domi-

988 1129 1044 1150 nus
1057 1122 1150 1151 factus
1166 1125 1208 1151 est
1221 1124 1341 1160 adjutor
1355 1134 1451 1155 meus.

1025 1171 1198 1198 convertisti
1213 1171 1366 1207 planctum
1385 1182 1486 1202 meum
1507 1175 1538 1203 in
1560 1176 1703 1211 gaudium
1719 1177 1771 1204 mi-

988 1217 1036 1245 hi:
1050 1219 1219 1247 conscidisti
1240 1228 1359 1248 saccum
1377 1229 1491 1257 meum,
1507 1224 1535 1250 et
1549 1223 1770 1252 circumdedisti

987 1272 1036 1292 me
1046 1264 1154 1294 laetitia.

1023 1313 1056 1340 Ut
1070 1314 1166 1341 cantet
1181 1314 1234 1342 tibi
1247 1315 1343 1350 gloria
1357 1325 1434 1351 mea,
1448 1319 1477 1345 et
1488 1326 1550 1346 non
1565 1327 1767 1356 compungar:

987 1359 1111 1387 Domine
1126 1361 1201 1388 Deus
1215 1370 1311 1397 meus,
1326 1363 1357 1391 in
1371 1365 1515 1393 aeternum
1528 1365 1694 1395 confitebor
1703 1366 1767 1395 tibi.

986 1406 1095 1442 Gloria,
1111 1410 1165 1436 etc.

1023 1455 1141 1491 Antiph.
1163 1456 1271 1492 Dignus
1288 1465 1329 1492 es,
1346 1459 1482 1495 Domine,
1498 1460 1631 1497 accipere
1646 1460 1768 1496 librum,

987 1502 1015 1529 et
1027 1502 1141 1537 aperire
1157 1506 1270 1539 septem
1284 1505 1438 1541 signacula
1460 1507 1534 1543 ejuS,
1557 1508 1702 1544 quoniam
1717 1516 1768 1537 oc-

987 1549 1062 1578 cisus
1078 1559 1118 1587 65,
1136 1554 1163 1580 et
1176 1553 1327 1581 redemisti
1350 1562 1405 1582 nos
1422 1556 1480 1583 Deo
1496 1556 1526 1583 in
1541 1558 1685 1592 sanguine
1705 1559 1767 1586 tuo.

1615 421 1643 448 et
1656 419 1696 448 ad
1710 427 1772 449 ma-

1558 705 1585 732 et
1598 703 1691 732 factus
1706 712 1772 732 sum

1288 1634 1444 1669 Capitulum
1460 1636 1480 1663 ³.

1022 1693 1154 1722 Vidimus
1165 1697 1263 1724 Jesum
1276 1700 1398 1733 propter
1408 1699 1579 1735 passionem
1592 1702 1695 1730 mortis
1709 1711 1768 1731 suae

985 1740 1080 1776 gloria
1105 1746 1132 1771 et
1153 1744 1267 1773 honore
1287 1749 1479 1783 coronatum,
1496 1750 1528 1776 ut
1541 1750 1635 1785 gratia
1651 1751 1699 1779 Dei
1715 1759 1767 1787 pro

985 1789 1125 1818 omnibus
1139 1793 1269 1826 gustaret
1282 1796 1419 1822 mortem.

1313 1868 1436 1896 Hnnws.

1163 1926 1216 1960 Qui
1231 1934 1369 1962 pressura
1383 1929 1486 1956 mortis
1502 1929 1577 1958 dura

1126 1973 1242 2002 Solvisti
1256 1982 1350 2003 nexus
1367 1975 1536 2013 criminum,

1126 2021 1183 2048 Nos
1196 2020 1235 2048 ad
1247 2029 1352 2057 pacem
1363 2023 1421 2051 duc
1432 2032 1579 2061 veracem,

1125 2068 1202 2102 Jesu,
1218 2076 1329 2097 corona
1344 2070 1503 2106 virginum.

1163 2117 1194 2142 ln
1209 2115 1335 2151 flagellis
1349 2119 1454 2153 potum
1468 2119 1544 2148 sellis

1126 2161 1225 2190 Bibisti
1240 2164 1434 2200 amarissime,

1127 2210 1181 2237 Pro
1195 2211 1323 2245 peccans
1337 2213 1522 2248 perpetratis,

1128 2257 1242 2284 AEterne
1255 2258 1316 2285 Rex
1329 2257 1480 2288 altissime.

1160 2305 1225 2331 Tuae
1237 2304 1316 2339 genti
1328 2305 1469 2334 recolenti

1126 2351 1191 2378 Tuoe
1206 2351 1308 2378 mortis
1320 2352 1512 2389 supplicium,

1126 2399 1165 2424 Da
1180 2397 1317 2426 virtutem
1333 2401 1361 2427 et
1375 2400 1511 2436 salutem,

1125 2444 1235 2473 Christe
1250 2446 1430 2483 Redemptor
1445 2449 1590 2477 omnium.

1160 2493 1192 2519 In
1207 2501 1309 2521 amara
1323 2495 1422 2521 Crucis
1437 2503 1498 2531 ara,

1126 2539 1235 2568 Fudisti
1248 2540 1329 2568 rivos
1343 2542 1504 2577 sanguinis,

1125 2588 1191 2614 Jesu
1206 2586 1305 2622 digne,
1319 2589 1378 2615 Rex
1393 2589 1532 2625 benigne,

1125 2634 1251 2662 Consors
1263 2635 1377 2670 paterni
1389 2635 1520 2664 luminis.

1160 2681 1285 2717 Sanguis
1300 2682 1413 2717 Christi,
1427 2683 1478 2718 qui
1492 2684 1571 2713 suisti

1142 2729 1312 2764 Peremptor
1326 2729 1417 2757 hostis
1430 2729 1536 2766 invidi,
