2029 3052
749 203 849 237 OPUS
871 203 1259 236 GONTEMPLATloNIS.

528 306 632 335 Oratio.

357 371 415 399 Ave
423 390 432 405 ,
451 371 518 398 lesu
539 369 573 405 (a)
577 389 586 404 ,
602 375 683 397 mors
693 368 804 403 leaenae,

320 417 405 447 Salus
421 416 456 453 (b)
472 416 564 451 orbis,
579 416 715 452 planctus
730 415 819 452 plene

320 465 468 501 Linquens
481 463 684 492 testimonium

320 511 352 540 ln
366 510 521 540 tormentis
537 510 632 539 crucis
648 510 680 547 (c)
694 510 796 547 plene,

319 560 359 588 Ne
373 560 476 595 pereat
486 558 526 595 (ἀ)
541 558 724 594 Magdalenae

320 607 402 643 Spes,
415 613 569 635 resumens
581 605 739 634 tumulum.

449 686 592 714 Dominioa
612 685 657 712 die
676 684 721 721 (e).

229 751 291 778 Flos
301 750 410 785 primus
423 758 433 777 :
448 750 530 777 Jesus
545 755 669 784 surgens
687 747 826 784 apparuit
839 746 900 775 suis
913 746 977 782 glo-

264 796 405 825 rificatus.

229 844 275 873 Aa
288 844 474 877 Matutinum,
490 844 543 870 tres
562 843 667 876 fructus
683 841 790 869 attende
805 849 814 868 :

192 890 410 927 Discipulorum
426 889 617 924 anxietatem,
628 889 659 917 in
670 890 737 917 lesu
751 887 974 923 recordatione;

191 938 318 974 Magistri
331 937 557 973 benignitatem,
571 936 601 964 in
610 935 758 973 frequenti
769 934 974 972 apparitione3

192 985 333 1014 Omnium
341 984 570 1021 jucunditatem,
584 983 615 1011 in
630 983 734 1012 crebra
746 982 973 1011 confortatione.

228 1033 288 1060 Flos
302 1032 434 1060 secundus
447 1041 453 1060 :
470 1032 552 1060 Jesus
567 1030 683 1059 scandit
699 1030 739 1059 ad
754 1030 907 1060 dexteram
923 1031 975 1058 Pa-

263 1079 325 1113 tris,
340 1080 402 1107 Rex
417 1079 590 1107 honoratus.

228 1126 274 1154 Ad
289 1127 427 1161 Primam,
443 1128 497 1154 tres
513 1127 620 1160 fructas
636 1125 745 1153 attende
761 1135 768 1151 .-

192 1175 369 1202 Amorosam
384 1172 574 1201 dilectionem
584 1193 594 1207 ,
611 1172 684 1200 dum
699 1179 768 1200 suos
788 1171 959 1200 consolatur
967 1180 976 1206 3

193 1220 369 1248 Dolorosam
379 1219 581 1254 afflictionem,
595 1219 668 1247 dum
677 1220 691 1247 J
693 1227 759 1247 esus
768 1220 922 1255 separatur
930 1228 939 1254 ;

193 1267 377 1303 Angelorum
392 1266 692 1302 congratulationem,
708 1267 782 1295 dum
800 1268 882 1295 Jesus
897 1266 978 1294 exal-

265 1315 353 1343 tatur.

229 1362 290 1390 Flos
307 1362 403 1389 tertius
416 1370 424 1388 :
439 1362 532 1396 JesuS,
548 1361 656 1389 emisso
672 1360 792 1397 Spiritu,
803 1368 857 1397 per
872 1360 978 1390 orbem

265 1409 453 1445 praedicatus.

231 1456 278 1484 Aa
294 1457 428 1491 Tertiam,
446 1458 500 1483 tres
513 1456 620 1490 fructus
636 1456 747 1484 attende
763 1464 773 1484 .·

196 1505 348 1532 Donorum
361 1502 612 1539 magnitudinem,
633 1503 673 1532 ad
688 1503 809 1539 piorum
829 1503 978 1532 conforta-

268 1551 381 1579 tionem
388 1559 398 1587 3

196 1598 377 1634 Linguarum
390 1597 628 1634 multitudinem,
649 1598 689 1627 ad
703 1598 774 1626 fidei
790 1598 978 1635 praedicatio-

267 1653 337 1673 nem
344 1654 353 1680 3

196 1692 406 1721 Miraculorum
418 1692 628 1728 valitudinem,
646 1692 685 1722 ad
701 1692 836 1729 gentium
857 1701 980 1722 conver-

268 1747 395 1769 Sionem.

230 1827 263 1859 (a)
282 1827 343 1852 Coet.
358 1827 419 1852 edit.
434 1828 518 1852 Jesus.
533 1840 564 1846 —
586 1827 621 1859 (b)
639 1828 700 1852 Item
712 1828 797 1853 Solus.
812 1841 842 1846 —
860 1828 893 1860 (c)
915 1829 978 1854 Item

198 1864 224 1888 in
240 1863 376 1887 tormentis
394 1865 460 1889 et.—
470 1864 511 1895 (α’)
522 1864 582 1888 Caet.
598 1864 660 1888 edit.
671 1863 729 1888 add.
746 1872 818 1889 crux.
830 1877 856 1882 —
874 1864 904 1895 (e)
916 1865 978 1889 item

198 1899 232 1923 ad
245 1899 410 1959 littatatz'num.
421 1913 451 1919 —
473 1900 506 1931 (f)
526 1900 587 1925 Coet.
603 1900 663 1925 edit.
685 1900 799 1925 Domini.
815 1914 846 1918 —
861 1900 896 1932 (q)
919 1901 978 1932 Leq.

200 1941 256 1959 mor
268 1942 298 1959 is.

1755 201 1809 230 171

1067 273 1129 301 Flos
1144 274 1281 309 quartus:
1306 272 1388 300 Jesus
1407 277 1497 307 super
1517 268 1670 306 angelicos
1688 270 1814 299 matrem

1104 319 1213 348 exaltat
1227 320 1328 348 status.

1067 367 1115 395 Aa
1124 368 1244 399 Sextam,
1262 368 1314 394 tres
1325 367 1434 401 fructus
1449 365 1558 393 attende
1575 373 1585 392 .-

1031 415 1207 443 Sanctorum
1217 413 1413 450 diligentiam,
1426 412 1457 440 in
1472 411 1603 440 Dominae
1614 411 1652 447 (s)
1670 418 1812 446 occursu;

1032 461 1095 490 Filii
1109 460 1318 496 reverentiam,
1335 461 1366 489 in
1381 461 1516 488 materno
1529 458 1687 495 amplexu;

1031 509 1129 537 Matris
1141 507 1358 543 excellentiam,
1374 507 1404 536 in
1420 506 1484 535 Filii
1497 513 1650 535 consessu.

1067 557 1127 584 Flos
1142 557 1255 591 quintus
1272 563 1281 583 :
1297 556 1379 583 Jesus
1401 554 1433 582 in
1455 553 1521 582 coeli
1546 553 1628 582 curia
1649 560 1704 589 pro
1726 552 1814 581 nobis

1104 602 1278 631 advocatus.

1067 649 1115 678 Aa
1128 651 1252 685 Nonam,
1270 651 1322 677 tres
1344 650 1449 683 fructas
1464 649 1574 677 attende
1588 658 1594 676 :

1030 699 1098 726 Jesu
1112 697 1356 732 sollicitudinem,
1371 696 1403 724 in
1415 697 1516 725 nostra
1530 695 1716 733 provisione3

1032 746 1199 774 Humanam
1230 744 1492 780 ingratitudinem,
1519 743 1550 771 in
1576 743 1739 779 gratiarum
1767 750 1815 771 ac-

1104 793 1183 822 tione
1189 802 1198 828 3

1032 840 1110 868 Finis
1125 839 1379 874 incertitudinem,
1390 839 1421 866 in
1435 838 1533 867 meriti
1544 837 1582 875 (9)
1598 837 1812 875 expectatione.

1068 889 1130 916 Flos
1152 889 1244 916 seoetus
1260 897 1268 915 :
1293 887 1375 915 Jesus
1399 885 1494 914 Judex
1523 885 1710 922 aequissimus
1718 905 1728 920 ,
1753 885 1815 913 Rex

1105 934 1246 963 omnibus
1259 935 1408 971 praelatus.

1071 982 1115 1010 Ad
1128 983 1271 1018 Vesperas,
1285 984 1339 1010 tres
1352 984 1461 1016 fructas
1474 982 1583 1010 attende
1599 990 1606 1008 ε

1031 1029 1222 1058 Infallibilem
1236 1029 1400 1064 veritatem,
1416 1029 1447 1056 in
1458 1027 1673 1064 dijudicando,

1031 1077 1238 1106 Invincihilem
1252 1078 1439 1113 potestatem,
1455 1076 1487 1104 in
1501 1075 1741 1110 remunerando;

1032 1124 1228 1153 Inflexibilem
1242 1124 1422 1161 aequitatem,
1442 1123 1473 1151 in
1485 1122 1718 1159 perseverando.

1069 1174 1131 1200 Flos
1145 1173 1276 1208 septimus
1290 1180 1299 1199 .·
1314 1172 1395 1199 Jesus
1411 1172 1585 1199 Sanctorum
1614 1169 1722 1206 gloria,
1749 1169 1816 1197 finis

1107 1219 1302 1248 desideratus.

1070 1267 1117 1294 Ad
1131 1267 1351 1302 completorium,
1367 1267 1420 1293 tres
1430 1266 1538 1299 fructus
1553 1265 1663 1293 attende
1678 1273 1689 1298 ,-

1033 1313 1222 1342 Deliciarium
1238 1313 1466 1348 abundantiam,
1479 1321 1548 1341 cum
1563 1320 1634 1341 vera
1653 1311 1817 1348 tranquilli-

1105 1363 1162 1390 tate
1168 1371 1177 1397 3

1033 1409 1205 1439 Amicorum
1233 1408 1479 1438 concordantiam
1489 1429 1496 1443 ,
1520 1416 1588 1437 cum
1614 1415 1697 1437 mera
1721 1407 1816 1436 chari-

1105 1458 1180 1485 tate:

1035 1505 1184 1533 AEternam
1200 1503 1469 1540 perseverantiam,
1491 1511 1560 1531 cum
1581 1502 1694 1532 sincera
1713 1502 1818 1538 jucun-

1109 1551 1211 1580 ditate.

1378 1622 1484 1649 Oratio.

1197 1698 1267 1730 Ave,
1283 1696 1365 1729 Jesu,
1382 1701 1505 1730 surgens
1517 1693 1583 1728 leo,

1161 1742 1321 1777 Seandens,
1338 1741 1455 1769 mittens
1468 1748 1524 1777 pro
1537 1740 1670 1777 trophaeo

1161 1789 1314 1826 Spiritum,
1330 1788 1500 1825 glorificans

1161 1838 1298 1871 Matrem,
1311 1836 1405 1871 judex
1418 1836 1531 1871 justus,
1550 1836 1608 1863 Deo

1161 1884 1238 1912 Patri
1250 1884 1348 1912 astans
1364 1891 1418 1919 pro
1434 1890 1482 1910 me
1497 1890 1566 1915 reo,

1162 1931 1239 1959 Finis
1255 1930 1437 1959 beatificans.
1453 1932 1556 1958 Amen.
