2029 3052
233 222 292 253 382
786 214 837 245 DE
859 209 1126 245 PAUPERTATE
1147 208 1302 241 CHRISTI

233 288 338 329 primo
349 287 408 327 (a),
425 284 501 326 quia
515 283 655 315 multum
677 281 811 313 debetur
823 279 1009 312 sustentatio

233 340 366 382 pauperi
394 338 554 371 Christum
575 335 727 374 imitanti3
752 334 908 372 secundo,
934 333 1010 374 quia

233 395 351 435 magis,
362 394 495 425 debetur
505 394 658 431 tanquam
667 389 800 430 pauperi
809 397 890 420 evan
894 387 1007 427 gerico,

235 449 396 481 Christum
412 443 666 485 evangelizanti,
684 442 796 480 tertio,
810 441 888 483 quia
907 440 1010 472 maxi-

234 511 287 533 me
301 502 435 533 debetur
443 497 576 539 pauperi
591 499 695 537 grato,
709 495 852 527 debitum
862 503 920 535 pro
933 503 1008 533 gra-

235 556 280 587 tia
295 554 461 586 humiliter
475 550 652 592 accipienti,
667 552 698 581 et
709 549 875 581 humiliter
888 547 1012 588 suppli-

235 608 330 647 canti,
342 608 461 648 quippe
477 615 552 637 cum
567 605 607 636 sit
617 604 698 635 liber
712 613 754 635 ex
763 603 924 641 omnibuS‚
936 601 1011 632 facit

235 672 269 694 se
288 662 436 694 omnium
462 668 604 691 servum.
623 658 662 689 Et
684 657 746 689 hoc
765 659 812 689 est
833 656 920 697 quod
937 655 1013 686 dicit

235 715 441 755 Augustinus
456 722 552 753 super
566 711 646 743 illud
659 711 853 742 Psalmistae¹
867 721 874 740 :
892 707 1014 741 Produ-

237 777 310 801 cens
324 769 446 808 foenum
461 766 627 807 iumentis,
642 767 701 796 etc.
716 776 730 794 a
747 763 939 800 Producens,
960 761 1010 792 in<

236 822 317 863 quit,
334 822 467 861 foenum,
484 820 514 851 id
532 822 579 851 est
593 818 792 859 temporalia,
795 817 964 857 finientis,
980 815 1013 846 id

238 878 285 907 est
299 873 570 916 praedicatoribus,
591 874 627 903 ut
645 872 684 902 de
700 870 874 910 Evangelio
889 870 1010 907 vivant,

238 929 296 969 qui
314 927 527 968 Evangelium
553 925 761 963 annuntiant3
779 927 808 956 ec
827 923 965 960 herbam,
982 922 1014 953 id

239 984 287 1014 est
309 981 514 1022 temporalia,
533 980 685 1013 servituti
706 979 883 1016 hominu-m,
902 976 935 1008 id
956 978 1013 1014 est,

240 1036 501 1077 praedicatorihus
526 1034 626 1066 servis
660 1033 830 1064 hominum
851 1040 909 1072 pro
924 1030 1013 1061 Chri-

242 1094 290 1123 sto
304 1092 326 1122 2.
343 1101 357 1120 ι)
374 1090 463 1121 Unde
484 1087 655 1129 Apostolus
669 1087 700 1117 ³:
721 1086 797 1118 Cum
818 1093 916 1117 essem
939 1084 1018 1116 liber

241 1153 282 1177 αα*
296 1144 452 1182 omnibus,
469 1143 612 1175 omnium
631 1149 679 1173 me
698 1148 824 1172 servum
849 1140 930 1178 seci,·
943 1147 1017 1178 quae

241 1198 378 1230 servitus
399 1199 445 1228 est
468 1205 508 1227 ex
529 1195 692 1233 charitate,
716 1203 790 1234 quae
817 1193 890 1224 facit
910 1193 1018 1224 humi-

242 1253 304 1292 les,
330 1252 384 1292 qui
412 1260 469 1292 pro
486 1250 608 1282 Christo
629 1248 713 1280 servi
735 1248 903 1279 hominum
923 1247 1016 1285 siunt,

242 1306 368 1337 utilitati
387 1305 523 1335 fratrum
547 1303 752 1334 attendentes.
776 1300 851 1332 Haec
869 1303 944 1331 sunt
961 1302 1017 1340 jn-

243 1361 351 1390 menta
378 1359 494 1398 quibus
527 1357 662 1388 debetur
694 1356 794 1386 herba
826 1357 857 1386 et
886 1363 1017 1392 merces,

244 1413 319 1454 quia
346 1412 503 1443 serviunt.
534 1411 575 1442 De
601 1410 719 1450 quibus
745 1408 859 1439 dicitur
883 1409 918 1438 ⁴:
948 1408 1020 1440 Non

244 1467 395 1507 alliyabis
421 1474 454 1498 os
469 1465 555 1497 bovis
573 1464 772 1497 triturantis.
798 1463 836 1494 Et
851 1463 880 1493 ⁵:
897 1463 1020 1502 Dz'qnus

245 1525 291 1554 est
313 1521 478 1561 operarius
502 1518 640 1550 mercede
668 1526 738 1549 sna.
760 1517 919 1548 Debentur
934 1517 1020 1547 enim

244 1574 507 1617 praedicatoribus
521 1571 722 1612 temporalia,
739 1571 815 1611 qnia
834 1570 1021 1609 largiuntur

246 1629 436 1670 spiritualia.
454 1628 541 1658 Unde
556 1626 726 1666 Apostolus
739 1626 748 1641 ⁰
767 1636 774 1656 z
794 1625 828 1656 δι’
843 1625 1018 1656 seminavi-

245 1692 316 1716 mus
327 1683 415 1715 vobis
424 1681 624 1721 spiritualia,
633 1688 697 1711 non
705 1687 856 1718 maqmtm
865 1681 909 1710 est
918 1679 948 1710 si
958 1686 1021 1710 ves-

246 1741 297 1770 tra
312 1736 459 1768 carnalia
470 1738 634 1767 metamus.
654 1733 714 1764 Pro
725 1733 842 1772 quihus
855 1732 969 1762 dicitur
983 1732 993 1748 ⁷
1013 1740 1019 1761 :

246 1792 362 1823 Beatus
382 1790 437 1830 qui
459 1789 660 1829 praeoccupat
682 1796 793 1817 vocem
820 1785 970 1826 perituri,
991 1785 1022 1816 id

246 1847 293 1876 est
303 1847 325 1881 ⁸,
336 1845 392 1884 qm·
403 1842 556 1882 intellc'qt‘t
565 1849 660 1881 super
668 1849 795 1880 caenum
804 1843 1020 1879 ecpauperem.

248 1898 318 1929 Non
333 1898 419 1929 euim
435 1898 477 1927 ita
492 1896 587 1926 debes
602 1904 698 1934 agere
710 1894 782 1924 hovi
798 1893 970 1931 trituranti,
988 1897 1024 1923 ut

248 1952 392 1983 mellilico
418 1950 607 1981 transeunti.
633 1948 679 1979 llli
700 1948 804 1984 cuim,
821 1947 852 1977 id
871 1950 917 1978 est
938 1956 1024 1978 men-

248 2006 328 2045 dico,
346 2006 400 2035 das
421 2004 504 2044 quod
527 2004 643 2043 legitur
656 2006 666 2021 ⁹
683 2013 689 2032 z
713 2002 809 2033 Omni
822 2002 944 2041 petente·
960 2001 1024 2040 (Ia,-

250 2060 328 2091 huic
349 2059 443 2090 etiam
477 2067 540 2088 non
566 2057 681 2097 petenti
715 2056 790 2086 dare
813 2055 919 2086 debes.
946 2054 1024 2086 Vide

249 2123 327 2153 ergo
342 2122 392 2150 ne,
414 2112 438 2142 si
455 2112 493 2151 (b)
512 2111 653 2149 indigeat
668 2109 761 2139 miles
775 2109 900 2145 Christi,
919 2110 954 2139 nt
968 2117 1024 2148 pe-

249 2169 305 2204 tat,
323 2169 352 2197 te
364 2166 494 2206 jlnlicct‚
513 2165 541 2195 id
560 2167 616 2201 cst,
637 2163 851 2194 damnabilem
867 2162 1023 2193 ostendat.

250 2220 432 2250 Sicntenitn
443 2217 621 2249 diritnr²¹de
637 2217 702 2254 illo,
715 2217 770 2257 qni
785 2219 813 2246 te
830 2216 945 2256 quaerit
956 2227 962 2246 :
975 2216 1022 2247 Da

251 2274 338 2306 omni
354 2274 488 2312 pelenti:
506 2273 549 2301 sic
568 2271 606 2301 de
631 2280 668 2301 co
693 2270 912 2309 praedicatore,
929 2278 1025 2308 quem

252 2329 286 2357 tu
302 2336 447 2367 quaerere
461 2326 566 2363 debes,
586 2325 721 2355 dicitur:
741 2324 873 2354 Desndet
887 2323 1026 2354 eleemo-

251 2380 379 2420 syna-in
397 2388 494 2410 manu
520 2381 591 2416 tua,
617 2379 716 2408 donec
736 2377 879 2409 invenias
897 2378 1022 2417 justum

252 2435 303 2465 cui
318 2434 383 2465 des.
409 2433 502 2464 Omni
520 2432 635 2472 petenti
654 2441 743 2469 ergo,
760 2432 955 2471 quicumque
970 2430 1022 2467 sit,

252 2490 301 2527 (la,
319 2496 494 2527 agnoscens
510 2487 543 2516 in
558 2496 595 2517 co
616 2486 666 2516 rui
681 2486 749 2523 des3
772 2486 825 2516 sed
841 2485 942 2516 multo
959 2495 1025 2516 ma-

254 2543 305 2581 gis
321 2543 360 2573 da
373 2550 464 2573 servo
481 2540 555 2579 Dei,
573 2540 667 2570 militi
691 2539 824 2577 Christi,
844 2539 940 2570 etiam
963 2548 1027 2570 non

285 2641 292 2657 ¹
309 2640 376 2664 Psal.
395 2646 454 2669 elil,
472 2641 509 2664 14.
526 2653 552 2656 —
573 2639 580 2653 ²
595 2640 711 2669 August..
728 2639 827 2667 Enarr„
845 2638 868 2661 ιἰι
887 2637 954 2662 Psal.
971 2644 1026 2669 cni,

254 2684 280 2701 u.
297 2678 320 2705 9,
336 2683 413 2700 serni.
432 2682 471 2706 111,
487 2675 570 2706 quoad
586 2682 697 2699 sonsum.
714 2686 744 2692 —
761 2673 769 2687 ³
784 2674 789 2696 Ι
807 2673 876 2703 Con,
892 2679 927 2703 ix,
945 2675 982 2698 19.
997 2687 1028 2692 —-

255 2712 264 2727 ‘⁴
281 2712 331 2735 thid
348 2731 353 2740 ,
377 2714 399 2734 !¹.
422 2724 452 2729 —
471 2713 479 2724 ⁵
496 2711 562 2737 Luc„
586 2716 615 2739 x,
637 2711 659 2733 7.
680 2722 709 2726 —
731 2710 740 2723 ‘³
763 2709 770 2731 l
792 2709 860 2738 Com,
883 2715 925 2737 rx,
948 2711 984 2732 11.
1000 2722 1027 2726 —-

1064 277 1194 318 petenti.
1217 287 1232 306 ι)
1250 276 1299 308 Ex
1319 275 1371 308 his
1395 275 1499 315 igitur
1519 274 1684 306 manifeste
1697 276 1838 315 apparet,

1065 330 1152 371 quod
1167 331 1201 362 in
1216 329 1331 362 Christi
1350 329 1572 370 praedicatore,
1588 329 1620 359 et
1637 327 1840 367 evangeliza-

1064 387 1143 422 tore,
1157 384 1339 416 mendicare
1353 392 1418 414 non
1433 385 1480 414 est
1491 382 1572 420 vitii,
1586 390 1645 412 nec
1657 381 1772 421 culpae,
1787 381 1843 413 sed

1065 439 1172 478 magis
1188 437 1388 478 perfectionis
1405 435 1611 476 evangelicae.
1634 435 1724 467 Unde
1741 434 1844 466 ratio-

1065 502 1133 532 nes,
1151 494 1182 523 et
1196 493 1417 531 auctoritates,
1432 494 1463 523 et
1479 490 1627 531 exempla
1644 489 1844 521 concedenda

1066 548 1150 585 sunt,
1167 555 1240 586 quae
1251 546 1291 578 ad
1305 546 1388 577 hanc
1402 551 1526 587 partem
1539 545 1746 577 inducuntur.
1763 544 1845 576 Nam

1066 601 1093 631 si
1110 600 1182 641 quis
1203 601 1409 640 impugnare,
1433 602 1464 631 et
1478 599 1662 640 improbare
1683 598 1760 630 velit
1777 607 1847 629 om-

1066 663 1142 685 nem
1165 654 1363 685 mendicandi
1381 653 1512 685 modum
1536 653 1570 684 in
1592 653 1693 684 servis
1716 651 1844 691 Christi,

1068 707 1262 748 impugnare
1300 707 1430 739 videtur
1455 716 1520 738 non
1549 708 1676 738 tantum
1700 706 1846 737 ordinem

1068 770 1271 801 pauperum,
1303 761 1515 793 verumetiam
1540 760 1647 800 ipsum
1673 760 1847 791 Summum

1068 813 1266 854 Pontificem,
1291 816 1346 855 qui
1376 814 1565 855 approbavit
1597 813 1684 844 hunc
1711 813 1843 845 vivendi

1069 869 1218 907 modum3
1242 877 1300 900 nec
1320 868 1418 900 etiam
1440 870 1565 899 tantum
1579 867 1696 908 ipsum,
1713 876 1844 898 verum-

1070 923 1166 954 etiam
1190 923 1278 954 hunc
1303 931 1460 962 magnum
1490 923 1609 953 coetum
1638 922 1845 959 sanctorum,

1070 977 1127 1017 qui
1151 976 1429 1014 mendicaverunt,
1454 975 1599 1007 videlicet
1619 974 1845 1012 Franciscum,

1071 1031 1284 1069 Dominicum,
1295 1030 1456 1068 Alexium,
1470 1029 1688 1067 Benedictum,
1697 1030 1728 1059 et
1739 1028 1847 1069 ipsum

1071 1093 1210 1116 cuneum
1224 1083 1463 1124 Apostolorum,
1475 1085 1506 1114 et
1521 1082 1765 1122 Prophetarum,
1779 1090 1850 1113 nec-

1072 1147 1138 1169 non
1159 1141 1187 1169 et
1212 1138 1318 1178 ipsum
1342 1137 1514 1168 Dominum
1542 1136 1651 1168 Jesum
1674 1135 1848 1175 Christum,

1073 1201 1169 1232 quem
1184 1191 1349 1231 Scriptura
1363 1200 1426 1222 non
1441 1192 1572 1222 veretur
1588 1190 1691 1221 dicere
1702 1190 1724 1209 ¹⁰
1733 1197 1851 1229 paupe-

1073 1255 1138 1279 rem
1161 1250 1189 1278 ec
1210 1245 1413 1277 mendicum:
1427 1254 1500 1275 cum
1520 1245 1643 1285 majora
1661 1244 1700 1275 de
1717 1244 1787 1284 ipso
1801 1243 1849 1275 di-

1075 1304 1134 1339 cat,
1151 1303 1181 1332 et
1196 1301 1311 1331 sentiat
1326 1300 1404 1330 fides
1419 1301 1539 1336 nostra,
1560 1298 1677 1329 scilicet
1690 1298 1777 1338 quod
1793 1306 1851 1338 pro

1074 1355 1167 1386 nohis
1188 1363 1252 1385 non
1276 1356 1400 1385 tantum
1422 1362 1544 1393 pauper
1558 1355 1590 1384 et
1601 1352 1765 1383 mendicus
1778 1351 1849 1390 fuit,

1075 1411 1203 1449 propter
1225 1410 1369 1438 nostrum
1392 1406 1590 1446 exemplum,
1606 1405 1660 1437 sed
1675 1405 1770 1436 etiam
1789 1414 1851 1436 nu-

1075 1463 1168 1493 ‹latus
1187 1463 1218 1493 et
1236 1461 1406 1492 vilificatus
1431 1469 1532 1500 usque
1547 1459 1586 1490 ad
1600 1459 1785 1499 abjectionis
1799 1467 1854 1498 ge-

1077 1526 1138 1547 nus
1150 1517 1349 1552 extremum,
1367 1516 1401 1545 ut
1415 1513 1599 1554 exemplum
1613 1513 1702 1544 daret
1718 1513 1853 1553 perfecte

1076 1567 1301 1599 contemnendi
1312 1565 1482 1597 mundum.
1494 1565 1667 1603 Postremo,
1677 1573 1772 1605 super
1783 1564 1853 1596 haec

1077 1621 1184 1652 onmia
1219 1620 1320 1658 mala,
1351 1619 1492 1651 subverti
1528 1618 1654 1650 videtur
1684 1618 1852 1650 universus

1078 1675 1222 1706 Ecclesiae
1246 1677 1358 1705 status.
1389 1673 1439 1704 Sic
1465 1673 1501 1712 (c)
1529 1673 1613 1703 enim
1637 1671 1782 1702 illicitum
1806 1673 1853 1702 est

1077 1738 1134 1769 per
1153 1729 1430 1768 eleemosynarum
1459 1726 1673 1766 acceptionem
1702 1720 1850 1766 pauperi-

1077 1783 1138 1813 bus
1160 1782 1273 1812 Christi
1298 1781 1439 1821 accipere
1462 1779 1702 1820 amplitudinem
1723 1781 1753 1810 et
1773 1778 1854 1809 mul-

1078 1836 1247 1866 titudinem
1262 1835 1496 1875 possessionum
1518 1835 1549 1864 et
1565 1841 1758 1872 magnorum
1773 1832 1854 1863 redi-

1079 1892 1171 1920 tuum
1190 1900 1196 1920 :
1212 1889 1284 1929 quis
1299 1889 1384 1919 enim
1400 1889 1442 1919 ita
1459 1888 1615 1919 absurdus
1628 1890 1685 1925 est,
1702 1886 1757 1927 qui
1773 1886 1856 1917 dicat

1079 1943 1172 1974 licere
1196 1944 1290 1974 alicui
1315 1944 1455 1983 accipere
1479 1942 1633 1973 talentum
1648 1941 1729 1979 auri,
1746 1942 1777 1972 et
1791 1949 1855 1971 non

1080 1998 1217 2028 frustum
1248 1997 1367 2037 panis?
1395 1996 1486 2034 Quod
1511 1996 1538 2026 si
1567 1996 1627 2026 hoc
1654 2003 1768 2025 verum
1795 1996 1853 2031 est,

1080 2060 1155 2082 cum
1167 2051 1393 2082 universarum
1412 2049 1615 2080 ecclesiarum
1628 2047 1853 2088 possessioneS,

1080 2108 1145 2136 tam
1171 2105 1204 2135 in
1232 2104 1390 2143 religiosis
1411 2103 1634 2143 proprietatem
1652 2101 1855 2140 habentibus,

1081 2168 1178 2199 quam
1194 2159 1225 2188 in
1242 2158 1362 2189 clericis
1377 2157 1593 2195 smcnlaribus,
1608 2156 1788 2187 habeantur
1802 2164 1858 2195 per

1081 2213 1296 2252 acceptionem
1324 2211 1601 2251 eleemosynarum
1629 2209 1807 2241 voluntarie
1828 2209 1859 2239 et

1082 2267 1181 2307 gratis
1202 2267 1365 2304 datarum,
1390 2265 1551 2297 videbitur
1571 2274 1610 2295 ex
1632 2263 1691 2294 hoc
1715 2261 1857 2294 subverti

1082 2323 1182 2351 status
1198 2320 1425 2351 universarum
1444 2317 1649 2349 ecclesiarum
1659 2340 1668 2355 ,
1686 2316 1711 2346 si
1724 2315 1859 2347 eleemo-

1083 2383 1179 2415 synas
1202 2374 1353 2413 accipere,
1376 2372 1423 2403 vel
1446 2372 1484 2403 de
1504 2370 1713 2411 eleemosynis
1736 2369 1856 2406 vivere,

1083 2439 1138 2460 seu
1154 2429 1186 2459 in
1203 2438 1302 2469 parva
1321 2428 1505 2468 quantitate,
1528 2436 1583 2458 seu
1600 2426 1634 2456 in
1650 2433 1780 2464 magna,
1797 2424 1860 2454 illi-

1083 2484 1181 2514 citum
1202 2484 1364 2524 judicetur
1376 2508 1384 2522 ,
1402 2483 1462 2513 nisi
1479 2484 1556 2513 sorte
1578 2481 1649 2521 quis
1663 2480 1757 2516 dicat,
1774 2479 1859 2519 quod

1084 2538 1208 2568 licitum
1233 2539 1280 2567 est
1300 2537 1458 2577 accipere,
1485 2535 1539 2566 sed
1569 2543 1634 2565 non
1664 2537 1711 2564 est
1735 2533 1860 2564 licitum

1081 2626 1092 2642 ⁷
1109 2627 1184 2655 Aug„
1200 2625 1242 2649 nbi
1258 2632 1324 2655 sup„
1339 2631 1366 2648 n.
1385 2625 1422 2654 10,
1438 2622 1522 2654 quoad
1537 2627 1651 2645 sensum.
1667 2634 1694 2638 —
1711 2620 1719 2634 ⁸
1733 2618 1799 2643 Psal.
1816 2623 1860 2649 LX,

1085 2663 1107 2686 2.
1123 2675 1154 2679 —
1168 2662 1178 2678 ⁹
1194 2661 1264 2690 Luc„
1283 2667 1318 2691 vi,
1335 2662 1373 2684 30.
1390 2672 1419 2676 —
1434 2659 1454 2676 ¹0
1466 2659 1532 2682 Psal.
1548 2663 1639 2688 xxmx,
1656 2658 1693 2680 18.

1117 2712 1150 2741 (rt)
1169 2712 1230 2735 Cret.
1239 2710 1300 2734 edil.
1315 2710 1467 2740 prinmm.-
1480 2707 1611 2738 (b)Su)›1›l.
1623 2706 1704 2731 sic.-
1720 2705 1748 2734 (c)
1767 2703 1810 2728 ΑΙ.
1823 2702 1858 2732 Si,
