2060 3052
110 1427 186 1447 Exem-

80 1458 140 1484 plum

110 1853 189 1879 llippo-

104 1885 170 1904 eratis

101 1916 175 1936 consi-

104 1947 165 1968 lium.

200 173 244 204 28

203 240 277 267 estis.
300 240 422 268 Notatur
444 239 578 269 secundo
604 240 754 276 amicitia,
775 242 922 278 quantum
944 240 986 270 ad

204 285 342 314 effectum
361 286 392 314 in
413 294 514 324 opere,
538 295 607 316 cum
627 287 750 316 infertur
772 296 779 316 ε
803 287 835 316 Si
852 288 984 324 feceritis,

203 334 270 368 etc„
283 333 368 370 quasi
383 333 462 362 dicat
478 342 486 362 z
501 333 532 362 ln
545 333 604 370 hoc
618 334 764 371 probatur
779 334 986 365 amicitiacor-

204 379 251 408 dis
265 387 328 408 esse
341 388 423 416 vera,
438 381 462 409 si
482 381 647 410 observatis
667 381 809 410 mandata
827 389 904 410 mea.
927 382 985 410 Sed

204 427 279 462 quid
291 429 335 456 est
349 428 480 456 amicum
495 429 544 456 Dei
560 437 634 461 esse,
654 428 710 456 nisi
731 429 824 456 Deum
838 428 986 465 diligere?

205 473 285 502 Unde
299 476 328 503 et
347 474 384 503 de
400 475 558 504 dilectione
577 475 672 504 simile
692 475 818 504 verbum
838 475 911 504 dicit
931 477 985 505 Do-

202 521 302 551 minus
317 522 324 539 ¹
337 531 344 550 :
361 533 375 549 «
389 523 418 552 Si
433 523 566 559 diligitis,
582 533 595 549 »
613 523 720 560 inquit,
738 533 753 550 (ι
768 531 828 559 me,
842 524 986 553 mandata

203 577 271 598 mea
293 573 418 598 servate.
440 569 451 586 ²
471 570 526 604 Qui
559 578 622 599 non
645 570 741 607 diligit
762 579 822 605 me,
843 571 986 601 mandata

202 624 271 645 mea
291 616 326 653 (a)
348 625 410 645 non
434 619 541 645 servat.
561 629 575 643 »
600 619 709 646 Verum
733 618 837 647 divina
857 619 986 648 amicitia

202 670 264 692 non
290 666 333 692 est
353 663 442 692 nobis
463 667 620 693 concreata
645 674 652 693 :
675 665 745 702 quia
767 676 780 691 «
803 673 894 694 nemo
915 666 984 701 scit,

203 712 302 739 utrum
316 718 428 746 amore,
438 713 486 740 vel
498 712 570 740 odio
585 712 694 748 dignus
708 713 754 748 sit,
769 723 782 738 n
798 712 985 742 Ecclesiastes

201 758 242 786 ait
256 759 276 786 ⁸.
293 758 362 787 ideo
382 759 478 795 magis
493 759 614 796 expedit
632 759 671 788 ad
693 760 914 789 instructionem
928 769 984 789 no-

201 808 303 841 stram,
317 806 402 843 loqui
415 806 453 834 de
466 807 599 836 humana
611 808 750 844 amicitia,
763 817 855 846 quam
870 809 983 838 diviua.

201 853 250 881 Est
263 861 336 890 ergo
358 854 525 882 notandum
547 855 630 891 quod
650 855 848 884 amicitiarum
863 864 984 892 genera,

202 901 400 929 communiter
422 901 600 938 loquendo,
623 904 691 930 sunt
718 903 773 931 tria
799 912 806 931 :
832 906 876 932 est
905 904 984 932 enim

201 947 331 975 amicitia
353 948 504 976 malorum
526 957 595 976 cum
618 949 721 985 malis;
741 952 769 978 et
790 952 833 978 est
856 950 986 979 amicitia

201 995 351 1024 bonorum
367 1004 434 1024 cum
450 997 553 1031 bonis;
569 999 597 1024 et
620 999 662 1025 est
684 997 812 1026 amicitia
833 998 985 1027 bonorum

201 1050 269 1070 cum
283 1042 379 1071 malis.
397 1043 493 1072 Prima
505 1044 636 1072 amicitia
650 1047 693 1072 est
702 1045 875 1082 simpliciter
885 1045 983 1080 mala3

200 1090 332 1119 secunda
355 1092 398 1119 est
421 1091 594 1128 simpliciter
619 1092 721 1128 bona;
748 1093 831 1121 tertia
855 1093 985 1121 amicitia

200 1139 297 1173 potest
312 1146 374 1166 esse
392 1139 484 1173 bona,
498 1141 594 1175 potest
609 1142 636 1168 et
647 1148 709 1168 esse
726 1140 814 1168 mala.

239 1185 318 1220 Dico,
335 1185 418 1222 quod
433 1186 563 1214 amicitia
577 1186 676 1223 prima
692 1189 735 1215 est
751 1186 898 1216 malorum
917 1196 983 1216 cum

202 1232 308 1266 malis,
335 1235 363 1260 et
385 1235 427 1261 est
453 1233 626 1269 simpliciter
650 1234 745 1267 mala,
775 1235 847 1271 quia
872 1235 985 1263 malum

201 1279 282 1307 malo
303 1279 454 1315 additum,
478 1283 571 1309 totum
594 1282 626 1308 iit
649 1281 743 1316 magis
765 1282 888 1310 malum.
913 1284 985 1310 Nam

202 1329 313 1362 quanto
325 1327 412 1363 plura
424 1327 531 1355 suerint
543 1328 651 1364 frigida
666 1329 693 1356 in
710 1337 804 1356 unum
815 1330 984 1365 conjuncta,

203 1376 282 1402 tanto
296 1377 338 1402 est
353 1374 456 1402 fortius
469 1383 629 1410 venenum,
645 1376 727 1412 quod
746 1379 787 1404 est
808 1376 876 1404 inde
893 1384 983 1411 gene-

202 1423 309 1449 ratum.
327 1422 407 1450 Unde
424 1424 560 1450 narratur
576 1433 583 1450 :
607 1424 679 1450 Dum
695 1423 819 1459 quidam
840 1423 915 1451 latro
932 1432 983 1459 gc-

200 1471 341 1503 nerasset,
357 1470 385 1496 et
407 1469 444 1497 de
468 1469 525 1497 hoc
548 1469 635 1497 vicini
660 1470 839 1505 gauderent,
860 1471 984 1507 quidam

201 1516 363 1552 sapientior
378 1517 488 1544 caeteris
504 1517 578 1545 dixit
594 1526 600 1545 z
623 1519 644 1546 O
665 1517 741 1545 stulti
752 1539 760 1552 ,
774 1518 854 1545 unde
870 1518 984 1553 gaude-

203 1563 255 1591 tis?
271 1563 293 1591 si
311 1563 398 1591 unius
414 1564 473 1600 pati
489 1564 643 1592 latrocinia
659 1573 718 1592 non
740 1565 893 1601 poteratis,
909 1574 985 1601 quo-

203 1610 295 1638 modo
313 1611 473 1638 multorum
493 1612 650 1647 portabis?
667 1612 693 1639 Si
714 1621 801 1646 unus,
818 1613 925 1648 inquit,
942 1612 986 1640 sol

202 1658 243 1685 sic
259 1659 350 1685 terras
367 1658 477 1692 exurit,
495 1658 568 1694 quid
584 1661 626 1686 est
649 1659 671 1686 si
695 1659 795 1694 plures
810 1660 986 1687 existerent?

203 1706 297 1738 Quare
314 1705 478 1732 maximum
500 1707 585 1733 terrie
609 1705 736 1733 inierunt
761 1709 986 1741 nocumentum,

205 1753 279 1781 (lum
293 1753 393 1788 plures
408 1752 533 1788 planetae
549 1753 589 1780 sic
605 1753 744 1781 malevoli
762 1755 944 1782 conveniunt
958 1755 987 1782 in

205 1800 329 1836 aliquod
345 1808 438 1827 unum
453 1800 582 1835 signum.
599 1800 679 1828 Unde
693 1809 728 1828 ex
743 1800 797 1828 hac
812 1809 901 1829 causa
919 1810 988 1837 prse-

206 1848 275 1884 cipit
298 1847 507 1884 Hippocrates,
531 1848 668 1875 homines
691 1855 753 1875 non
779 1848 912 1876 minnere
940 1849 987 1884 (h),

206 1902 259 1922 nec
284 1894 447 1922 medicinas
468 1895 599 1930 recipere
624 1895 770 1923 laxativas
795 1903 861 1922 cum
886 1898 986 1923 Cane:

205 1941 276 1977 quia
287 1950 354 1969 eum
370 1942 466 1976 Canis,
482 1942 566 1970 sidus
582 1942 809 1975 calidissimum,
823 1943 941 1971 uniatur
955 1944 988 1979 (v)

205 1997 273 2016 cum
289 1989 366 2022 Sole,
382 1989 501 2025 planeta
517 1989 712 2024 calidissimo,
729 1992 755 2017 et
776 1991 832 2018 hoe
849 1991 877 2018 in
894 1992 988 2019 Leone

205 2035 403 2064 fervidissimo
418 2058 425 2070 ,
463 2045 600 2064 excessus
629 2037 735 2065 caloris
768 2041 925 2071 generatur
960 2039 989 2066 in

205 2083 335 2118 mund0;
353 2092 444 2119 quare
460 2092 514 2112 nec
531 2084 662 2112 minuere
679 2086 712 2120 (b)
730 2087 836 2119 tutum,
852 2093 905 2113 nec
929 2094 989 2113 me-

206 2131 320 2158 dicinas
336 2139 441 2166 capere
458 2134 497 2159 est
513 2140 666 2164 securium
685 2132 756 2165 imo,
773 2134 803 2159 ut
816 2133 991 2167 generaliter

206 2177 354 2214 loquitur,
381 2179 477 2206 omnis
502 2179 659 2207 infirmitas
685 2184 884 2215 aggravatur,
907 2181 929 2207 si
955 2189 989 2208 ex

206 2225 413 2261 complexione
443 2227 587 2262 temporis
617 2227 778 2255 consimilis
808 2228 871 2263 ojus
899 2228 991 2255 virtus

206 2272 388 2300 fortificatur.
405 2273 489 2300 Verbi
507 2274 613 2308 gratia,
640 2274 663 2301 si
687 2274 840 2301 infirmitas
862 2283 896 2302 ex
920 2275 990 2303 clio-

207 2319 279 2353 lera,
297 2328 363 2355 quae
384 2319 481 2347 calida
496 2323 537 2348 est
554 2323 581 2348 et
601 2321 686 2355 sicca,
703 2321 821 2348 advenit
837 2322 865 2348 in
882 2324 989 2357 wstnte,

208 2375 274 2402 quie
288 2366 422 2394 similiter
441 2369 483 2394 est
499 2367 595 2395 calida
612 2370 639 2394 et
660 2368 747 2401 sicca,
770 2368 924 2395 infirmitas
939 2378 990 2403 ag-

209 2416 358 2448 gravatur,
382 2414 454 2441 dum
470 2414 574 2442 similis
598 2423 633 2442 ex
658 2415 745 2442 simili
767 2416 934 2443 roboratur.
952 2418 990 2443 Ex

209 2460 318 2495 quibus
337 2461 482 2496 exemplis
503 2461 644 2489 omnibus
664 2464 762 2496 aperte
785 2462 939 2497 probatur,
954 2463 991 2490 si-

244 2546 248 2560 ¹
269 2545 352 2574 sowi„
368 2552 419 2573 xiv,
440 2547 517 2569 1Ῑὶ.-·
534 2547 626 2573 ²tt›i-l.,
646 2549 724 2570 2'1.—
743 2547 992 2576 ’12'1·cs0›,1x‚1.-

211 2581 219 2596 i
238 2584 325 2611 (ii-eg„
346 2581 448 2607 Morus..
467 2582 509 2605 lib.
530 2583 642 2612 ΧΧΧΙΥ,
659 2590 681 2607 c.
701 2589 734 2613 tv,
750 2590 774 2606 n.
792 2586 818 2607 ὃ.
835 2584 917 2613 -pwznl
937 2591 990 2607 svn-

213 2623 278 2639 sum.
300 2630 328 2634 —
352 2618 362 2634 ⁸
384 2618 400 2640 tt
427 2617 494 2648 Rey.‚
517 2624 558 2647 xv,
577 2621 615 2641 31.
640 2632 669 2635 -
692 2619 783 2644 '³L1u3.,
806 2625 887 2648 xxiii,
912 2622 945 2643 12³.
963 2632 992 2637 —

213 2653 221 2670 ⁷
237 2653 330 2683 Tuxm,
347 2652 400 2676 sivi·
413 2654 492 2684 Timo,
508 2654 600 2677 animat
615 2655 789 2684 mnguitmline
805 2655 894 2685 vulpis,
906 2655 991 2679 miore

609 171 822 205 SERMONES
843 172 894 205 DE
916 172 1082 207 SANGTlS
1104 173 1146 207 ΙΝ
1166 175 1360 208 COMMUNI.
1382 176 1419 208 X.

1042 244 1092 272 cut
1110 242 1182 272 dicit
1203 243 1362 281 Gregorius
1371 245 1392 280 ⁸,
1415 244 1501 282 quod
1523 244 1673 274 malorum
1692 244 1824 275 amicitia

1041 294 1086 322 est
1098 293 1228 330 pessima
1236 313 1246 328 ,
1259 293 1484 330 plurimumque
1496 293 1620 329 nociva,
1636 301 1673 322 eo
1687 293 1773 331 quod
1786 293 1824 323 nit

1041 339 1146 369 fortior
1159 340 1252 369 virtus
1272 340 1367 374 unita,
1381 348 1473 378 quam
1496 341 1639 378 dispersa.
1665 341 1748 370 Unde
1770 349 1824 370 rex

1042 387 1136 416 David
1151 387 1330 417 Absalonem
1342 387 1470 424 fugiens,
1486 388 1560 417 dum
1570 388 1744 426 Aehitophel
1754 397 1824 418 cum

1041 443 1078 463 eo
1092 443 1156 464 esse
1179 435 1309 470 audivit,
1329 434 1418 463 valde
1440 435 1594 470 extimuit,
1621 438 1649 465 et
1671 444 1761 465 orans
1783 436 1824 465 ad

1043 484 1213 519 Dominum,
1236 483 1277 512 ait
1294 484 1328 511 ⁸:
1347 494 1362 510 ι
1387 483 1512 519 infatua,
1537 483 1672 520 Domine,
1699 492 1822 522 quaeso,

1042 531 1199 560 consilium
1214 531 1378 568 Achitopel‚
1391 541 1405 557 n
1421 532 1476 560 etc.
1493 532 1557 560 Hoec
1567 531 1673 560 estilla
1683 531 1823 567 amicitia,

1042 578 1080 607 de
1095 586 1157 615 qua
1171 578 1278 606 dicitur
1292 578 1303 595 ⁸
1319 587 1326 606 :
1345 588 1360 604 α
1374 578 1468 607 Amici
1486 578 1555 606 facti
1569 579 1638 607 sunt
1651 578 1782 608 Herodes
1797 580 1826 608 et

1019 648 1022 651 ,
1042 625 1160 659 Pilatus,
1177 625 1229 662 qui
1241 625 1323 662 prius
1337 627 1421 654 erant
1430 625 1553 654 inimici.
1567 636 1581 652 n
1596 629 1627 655 lu
1642 633 1704 662 quo
1717 625 1826 654 amici?

1042 672 1114 708 quia
1127 671 1200 701 dum
1216 680 1293 700 unus
1312 672 1396 701 alteri
1419 672 1566 701 Christum
1589 673 1683 707 misit,
1700 674 1728 701 et
1751 672 1826 702 alter

1040 719 1127 748 illum
1153 719 1236 748 alteri
1261 719 1384 748 illusum
1411 720 1534 753 remisit,
1559 720 1599 748 ad
1625 719 1826 749 occidendum

1041 766 1188 795 Christum
1213 768 1256 795 est
1278 767 1361 796 unita
1386 767 1518 802 malitia,
1543 775 1611 804 quae
1638 770 1705 796 ante
1729 767 1826 796 divisa

1040 812 1104 842 ruit.
1121 815 1185 842 lloec
1200 813 1280 842 enim
1294 813 1348 842 ruit
1362 814 1492 843 amicitia
1509 814 1607 851 vulpis
1621 817 1651 843 et
1669 814 1763 843 corvi.
1780 814 1826 843 Di-

1041 861 1116 890 citur
1129 861 1220 896 enim,
1232 861 1316 898 quod
1331 869 1440 890 corvus
1454 870 1565 898 magna
1579 862 1709 891 amicitia
1721 862 1825 899 Jungi·

1041 910 1088 936 tur
1105 908 1203 945 vulpi,
1227 908 1267 936 ita
1288 908 1373 945 quod
1398 917 1465 937 eam
1486 909 1608 946 adjuvet
1630 917 1686 946 pro
1713 909 1827 938 viribus

1041 963 1110 983 cum
1131 957 1199 984 taxo
1215 955 1224 973 ⁷
1239 955 1411 984 bellantem.
1435 956 1512 990 Quid
1528 956 1608 985 enim
1622 964 1678 994 per
1700 964 1827 986 corvum

1040 1002 1206 1037 volatilem,
1222 1002 1462 1038 iraudulentum,
1484 1003 1568 1032 furtis
1590 1006 1619 1032 et
1642 1004 1755 1040 rapinis
1778 1012 1826 1032 as-

1040 1052 1175 1083 suetum,
1203 1049 1310 1078 melius
1330 1050 1541 1086 intelligimus,
1567 1059 1659 1088 quam
1682 1051 1826 1086 Pilatum,

1041 1097 1092 1133 qui
1108 1096 1139 1124 in
1151 1105 1239 1125 usum
1253 1097 1410 1133 proprium
1432 1097 1534 1126 oblata
1556 1097 1740 1134 pauperibus
1754 1105 1826 1126 con-

1041 1143 1196 1171 vertebat?
1211 1143 1292 1171 Unde
1308 1143 1345 1172 de
1370 1143 1428 1172 hoc
1443 1144 1532 1172 etiam
1555 1152 1573 1172 a
1592 1144 1700 1172 Judaeis
1724 1152 1827 1173 coram

1041 1193 1152 1219 (limare
1175 1193 1329 1219 accusatus
1347 1190 1410 1218 suit.
1442 1191 1518 1225 Quid
1544 1199 1598 1228 per
1622 1191 1825 1228 vulpeculam,

1041 1246 1108 1274 quae
1128 1245 1246 1274 semper
1266 1237 1399 1266 ambulat
1421 1238 1467 1265 via
1489 1240 1634 1273 tortuosa,
1659 1241 1688 1266 et
1709 1247 1827 1276 semper

1041 1284 1213 1313 claudicans
1228 1285 1257 1312 in
1274 1287 1387 1321 partem
1403 1285 1572 1318 dexteram,
1594 1293 1624 1313 se
1641 1285 1725 1321 erigit
1740 1285 1770 1314 in
1785 1286 1826 1314 si-

1040 1332 1173 1364 nistram,
1190 1331 1244 1359 nisi
1262 1332 1407 1360 Herodem
1422 1331 1626 1367 intelligimus,
1643 1332 1694 1368 qui
1710 1334 1827 1361 tortuo-

1040 1387 1090 1407 sus
1105 1381 1132 1406 et
1147 1378 1313 1415 versipellis
1329 1379 1466 1411 existens,
1483 1379 1558 1406 sicut
1581 1380 1609 1406 in
1627 1379 1827 1408 decollatione

1040 1426 1162 1454 loannis
1177 1425 1326 1462 apparuit,
1347 1425 1386 1453 ad
1401 1425 1483 1453 hona
1503 1425 1605 1454 omnia
1625 1425 1826 1460 claudicabat,

1041 1475 1069 1500 et
1084 1480 1114 1500 se
1129 1472 1168 1499 ad
1188 1472 1267 1500 mala
1282 1481 1297 1499 e
1318 1472 1467 1500 contrario
1483 1472 1637 1508 erigebat?
1653 1472 1737 1501 Tales
1752 1481 1825 1509 ergo

1041 1518 1107 1547 sacti
1131 1522 1198 1546 sunt
1222 1519 1327 1553 amici,
1350 1521 1380 1546 ut
1403 1519 1528 1546 Domino
1547 1519 1690 1547 salvatori
1718 1519 1827 1547 illude-

1042 1568 1116 1599 rent,
1141 1568 1169 1593 et
1193 1568 1324 1602 spretum
1350 1566 1424 1593 inter
1447 1574 1478 1593 se
1507 1565 1686 1593 deriderent.
1710 1567 1732 1595 Ο
1754 1568 1828 1602 quot

1042 1615 1109 1640 sunt
1124 1612 1214 1640 hodie
1230 1612 1301 1640 tales
1324 1613 1352 1640 in
1374 1612 1506 1646 mundo,
1522 1613 1573 1648 qui
1594 1621 1661 1640 cum
1683 1613 1826 1649 perticere

1042 1667 1096 1687 sua
1112 1659 1190 1687 mala
1207 1661 1275 1687 vota
1290 1667 1351 1687 non
1365 1659 1500 1693 valeant,
1521 1659 1595 1687 alios
1610 1667 1766 1696 perversos
1780 1668 1827 1688 as-

1042 1706 1166 1739 sociant,
1184 1708 1214 1733 nt
1230 1706 1281 1740 sic,
1304 1706 1387 1742 quod
1409 1706 1545 1742 cupiunt,
1562 1706 1600 1733 ad
1623 1706 1827 1742 complemen-

1044 1755 1106 1780 tum
1126 1752 1293 1781 adducant!
1310 1754 1418 1781 Contra
1432 1753 1521 1788 igitur
1542 1753 1701 1781 amicitiam
1725 1753 1827 1781 talium

1045 1800 1156 1828 bellare
1181 1800 1290 1827 dehent
1313 1800 1410 1828 clerici
1430 1800 1564 1834 orando;
1590 1800 1668 1834 laici,
1691 1800 1828 1829 resisten-

1044 1847 1100 1882 ‹lo;
1127 1850 1153 1875 et
1181 1849 1352 1881 potestates,
1376 1846 1525 1883 principes
1545 1847 1768 1883 persequendo,
1790 1855 1828 1876 ne

1043 1894 1116 1921 torte
1148 1902 1183 1922 cx
1211 1902 1304 1930 parva
1329 1894 1455 1921 scintilla
1484 1894 1560 1929 ignis
1584 1893 1684 1922 valida
1707 1894 1830 1924 flamma

1044 1944 1156 1977 surgat,
1170 1950 1236 1977 quse
1253 1944 1342 1968 totam
1358 1941 1506 1968 civitatem
1527 1941 1673 1969 incendat.
1691 1943 1773 1976 Nam,
1788 1942 1828 1969 si-

1045 1992 1093 2016 cut
1109 1988 1180 2016 dicit
1192 1988 1389 2024 Philosophus
1403 1990 1423 2021 ⁸,
1439 2000 1451 2013 u
1468 1988 1605 2016 modicus
1617 1996 1699 2016 error
1710 1988 1738 2015 in
1750 1989 1829 2025 prin-

1048 2037 1135 2072 cipio,
1152 2036 1183 2064 sit
1198 2044 1325 2070 magnus
1337 2036 1365 2063 in
1378 2036 1446 2063 sine.
1463 2047 1475 2060 ι»
1494 2037 1525 2063 Et
1540 2035 1608 2063 ideo
1624 2035 1751 2062 amicitia
1764 2044 1830 2072 per-

1047 2091 1200 2111 versorum
1224 2085 1266 2111 est
1289 2082 1428 2117 arcenda,
1456 2083 1529 2109 dum
1553 2083 1675 2118 incipit,
1697 2091 1734 2110 ne
1755 2083 1828 2112 sorte

1046 2139 1107 2158 non
1124 2130 1216 2166 possit
1231 2131 1334 2165 arceri,
1358 2130 1430 2158 dum
1447 2130 1540 2158 robur
1561 2130 1732 2157 excreverit.
1757 2132 1828 2158 Nam

1047 2186 1168 2214 serpens
1192 2185 1295 2205 omnes
1319 2185 1440 2213 prorsus
1471 2177 1548 2204 vires
1572 2177 1694 2211 amittit,
1718 2177 1740 2204 si
1766 2178 1829 2213 ejus

1046 2228 1134 2261 caput
1150 2225 1305 2259 attriveris,
1325 2225 1395 2260 quia
1411 2226 1503 2252 totum
1529 2233 1637 2261 corpus
1658 2233 1712 2261 pro
1735 2226 1829 2262 capite

1046 2272 1236 2300 defendendo
1253 2272 1382 2308 exponit.

1082 2319 1219 2347 Secundo
1240 2321 1281 2346 est
1304 2319 1432 2346 amicitia
1456 2319 1606 2347 bonorum
1636 2319 1827 2357 cum-bonis,

1046 2366 1142 2402 qualis
1173 2366 1226 2393 tuit
1253 2366 1326 2393 inter
1349 2367 1448 2393 lesum
1463 2369 1491 2393 ct
1506 2366 1661 2402 Apostolos
1680 2367 1690 2382 ‘³
1712 2376 1718 2394 :
1742 2368 1829 2394 «lam

1047 2421 1106 2441 non
1123 2413 1221 2441 dicam
1235 2421 1288 2440 vos
1304 2421 1414 2446 servos,
1433 2413 1486 2440 sed
1502 2414 1625 2448 amicos,
1642 2413 1712 2449 quia
1727 2421 1829 2441 servus

1048 2502 1111 2527 telis,
1121 2501 1239 2525 alveariis
1252 2501 1382 2527 infestum.
1396 2501 1468 2525 Motis
1481 2503 1652 2532 nuncupatur,
1664 2501 1732 2532 quod
1747 2501 1828 2526 mellis

1048 2539 1224 2562 avidissimum
1248 2538 1288 2561 sit.
1313 2538 1347 2561 Ex
1371 2538 1444 2567 Ptin„
1469 2538 1512 2563 lib.
1535 2539 1601 2565 vm,
1626 2545 1647 2562 c.
1672 2543 1782 2562 xxxviii.
1799 2551 1829 2556 —

1048 2575 1057 2591 ³
1070 2575 1157 2604 Arist„
1174 2574 1203 2596 tle
1220 2573 1291 2601 ezel..
1310 2573 1354 2597 lili.
1377 2574 1399 2603 l,
1421 2576 1483 2598 text.
1502 2576 1539 2598 53-5.
1560 2588 1583 2591 -Ἴ
1601 2575 1610 2588 ⁹
1626 2575 1709 2604 jum„
1731 2580 1773 2604 xv,
1790 2575 1828 2599 ¹5.

1080 2621 1115 2648 (η’)
1138 2619 1212 2648 l'uly.
1235 2625 1368 2642 sermones
1389 2626 1468 2643 meos.
1489 2633 1518 2636 —
1544 2619 1576 2649 (b)
1602 2619 1675 2642 Forte
1695 2619 1743 2649 leq.
1762 2618 1828 2644 coire

1050 2657 1085 2678 vel
1098 2654 1277 2679 concumbet-v.
1291 2668 1319 2672 -
1343 2659 1371 2685 tc)
1391 2655 1445 2686 Ley.
1469 2655 1562 2679 unitur.

1839 823 1947 883 ρῖξιιῖω.

1872 2146 1950 2166 Exom-

1844 2177 1914 2204 plum.
