2029 3052
37 1367 62 1386 B.
71 1366 142 1387 Maria

35 1397 101 1424 plena
111 1403 144 1418 re-

57 1429 125 1449 sulta-

35 1459 95 1480 tione
108 1459 141 1480 ‹li-

34 1490 90 1510 vinae
97 1491 143 1516 glo-

859 207 999 241 LECTIO
1022 207 1088 240 Vll.

167 277 267 307 multis
281 277 394 314 repleta
409 279 470 306 erat
485 278 627 307 virtutum
643 277 799 311 odoribus,
821 282 947 304 manans

168 333 203 353 ex
219 333 254 354 ea
266 324 418 360 fragrabat
434 325 626 353 suavissimus
641 324 717 354 odor
736 323 886 360 spiritibus
897 330 947 350 an-

168 371 280 408 gelicis.
293 381 307 398 »
324 373 363 400 De
387 371 441 400 isto
461 371 554 400 odore
578 372 644 408 ipsa
664 372 765 400 sancta
787 368 946 406 gloriando

168 419 265 447 dicere
280 420 376 455 potest
390 419 466 447 illud
481 420 664 447 Ecclesiastici
680 419 792 446 ¹:Sicut
807 419 946 445 cinnamo-

166 474 239 494 mum
254 469 279 494 ει
293 467 440 494 balsamum
452 487 461 501 ,
477 467 641 494 amoenitatis
655 465 761 494 odorem
776 465 849 492 dedi.
866 463 947 492 Odor

166 513 260 541 Mariae
275 512 330 540 fuit
344 513 417 540 sicut
436 513 661 542 cinnamomum
680 511 817 547 exterius,
834 511 864 539 in
879 518 946 539 cor-

166 559 220 588 tice
237 559 482 595 conversationi53
500 560 574 588 sicut
588 560 758 588 balsamum
774 557 945 592 interius,in

165 607 302 634 unctione
319 606 485 635 devotionis
492 616 500 642 ;
518 606 592 634 sicut
605 606 737 643 myrrha,
757 606 788 634 in
804 605 946 633 amarica-

164 652 243 681 tione
259 653 468 689 castigationis,
486 653 549 682 Fuit
566 661 687 690 quoque
707 653 783 681 odor
797 652 891 681 Mariae
906 651 945 679 si-

164 701 213 727 cut
227 700 451 728 cinnamomum
475 700 506 728 in
527 700 659 736 actione3
680 699 754 728 sicut
775 699 945 727 balsamum

163 746 194 774 in
214 747 476 783 contemplatione;
502 746 577 774 sicut
597 747 720 783 myrrha
743 747 773 774 in
793 746 942 783 passione.

163 794 185 821 Ο
199 801 267 821 vere
284 793 367 821 dives
388 795 415 822 et
439 793 527 821 nimis
551 794 646 828 dives,
670 802 737 830 quae
757 795 862 830 praeter
885 793 945 821 alia

161 842 306 876 aromata,
318 843 377 869 tam
389 841 478 877 plena
489 841 543 870 fuit
553 841 704 870 odorifero
716 841 838 877 Spiritus
852 840 944 868 sancti

162 887 308 923 balsamo,
325 889 357 915 ut
371 887 448 916 bene
464 888 501 916 de
522 888 574 916 illo
598 896 688 924 super
707 887 793 922 illud,
819 888 943 923 Spiritus

107 933 115 941 ⁴
162 937 270 962 sanctus
294 937 464 971 superveniet
488 937 519 962 in
542 938 578 971 te,
595 935 699 963 beatus
715 935 880 963 Bernardus
896 934 942 962 di-

162 981 253 1009 cat²z
273 991 286 1008 «
303 982 464 1010 pretiosum
489 982 565 1010 illud
593 982 762 1010 balsamum
787 983 866 1009 tanta
888 981 941 1008 tibi

160 1029 246 1064 copia
262 1029 401 1065 tantaque
416 1029 601 1065 plenitudine
616 1029 730 1064 influet,
751 1030 783 1056 ut
798 1027 941 1064 copiosis-

159 1075 232 1102 sime
254 1075 355 1103 effluat
369 1076 614 1112 circumquaque.
630 1087 643 1102 n
659 1078 734 1103 Bene
750 1083 822 1111 ergo
843 1074 941 1102 dicere

158 1122 254 1158 potuit
269 1124 343 1150 Deus
362 1123 447 1151 Pater
463 1132 469 1151 :
484 1125 550 1151 Ecce
564 1124 630 1151 odor
645 1124 712 1151 Filii
727 1124 780 1150 mei
794 1124 864 1150 sicut
879 1122 943 1149 odor

158 1171 320 1205 agripleni,
341 1170 427 1206 quasi
449 1170 527 1198 dicat
550 1180 556 1198 :
582 1172 654 1198 Ecce
676 1170 752 1197 odor
773 1169 836 1197 Filii
859 1169 941 1204 mei,

158 1216 255 1244 honor
274 1216 338 1244 Filii
352 1217 446 1252 pleni,
462 1225 499 1244 ex
518 1217 633 1245 honore
644 1217 740 1253 plenae
761 1215 862 1244 matris
881 1224 941 1243 suae

158 1264 200 1290 cst
220 1264 248 1291 et
271 1263 360 1291 fama.
385 1264 465 1291 Unde
494 1264 690 1300 Hieronymus
705 1263 745 1291 ait
760 1264 770 1280 ³
788 1273 794 1291 :
813 1272 826 1289 «
842 1264 941 1291 Honor

158 1311 309 1337 maternus
323 1310 386 1345 ejus
398 1312 450 1344 est,
467 1311 519 1347 qui
535 1311 572 1338 de
588 1319 622 1338 ea
636 1312 722 1338 natus
737 1312 789 1338 est.
804 1321 817 1336 υ

194 1357 302 1385 Octavo
324 1357 559 1393 consideremus,
584 1357 758 1392 charissimi,
784 1357 939 1393 quomodo

159 1403 248 1439 plena
271 1405 313 1432 est
336 1404 425 1433 Maria
445 1405 636 1433 resultatione
662 1405 723 1432 sive
750 1404 939 1440 expressione

158 1450 265 1478 divinae
280 1451 394 1486 gloriae,
408 1451 493 1486 juxta
507 1451 583 1479 illud
598 1452 781 1479 Ecclesiastici
796 1451 805 1467 ¹*
821 1461 828 1477 .·
846 1451 940 1479 Gloria

158 1499 269 1525 Domini
280 1499 392 1533 plenum
403 1500 442 1526 est
450 1507 516 1534 opus
525 1499 591 1534 ejus.
608 1498 847 1527 antonomastice
863 1507 938 1534 opus

158 1544 274 1572 Domini
298 1545 434 1573 mirabile
455 1547 496 1573 est
517 1546 616 1580 Maria,
638 1546 674 1573 de
697 1554 757 1581 quo
778 1545 884 1573 dicitur
908 1545 939 1573 in

156 1592 345 1619 Ecclesiastico
361 1592 391 1619 ⁵:
406 1593 460 1620 Vas
476 1593 639 1620 admirabile
654 1600 718 1627 opus
734 1593 849 1620 Eoecelsi,
867 1593 938 1620 Vere

156 1646 232 1674 opus
246 1639 394 1674 mirabile,
411 1640 481 1676 quia
496 1648 652 1675 nunquam
667 1639 816 1667 invenitur
830 1639 935 1667 simile.

157 1686 237 1716 Unde
254 1687 291 1714 de
306 1687 365 1715 hoc
381 1687 486 1715 dicitur
501 1688 511 1704 ⁶
528 1698 534 1715 ε
555 1689 613 1717 Non
629 1690 667 1715 est
682 1689 786 1722 factum
802 1689 857 1715 tale
871 1696 937 1723 opus

157 1734 184 1760 ιή
198 1735 333 1761 universis
352 1736 453 1769 reqnis.
480 1736 544 1762 Non
559 1735 661 1770 utiquc
681 1735 712 1762 in
732 1743 827 1770 regno
849 1735 936 1762 coele-

154 1779 253 1815 stium,
275 1789 337 1808 non
353 1781 383 1808 in
402 1790 495 1817 regno
512 1782 704 1817 terrestrium,
721 1790 783 1809 non
798 1782 829 1809 in
843 1789 935 1816 regno

155 1826 362 1855 infernorum:
386 1829 457 1864 quia
481 1829 599 1856 nullum
622 1829 680 1857 tale
697 1837 773 1864 opus
796 1829 825 1856 in
842 1829 934 1864 coelo,

154 1873 272 1900 nullum
286 1874 343 1902 tale
364 1875 394 1902 in
418 1876 545 1910 mundo,
568 1875 685 1903 nullum
708 1876 763 1903 tale
786 1875 816 1902 in
841 1875 935 1903 limbo

154 1919 216 1947 fuit.
233 1921 291 1948 Hoc
307 1921 386 1948 enim
412 1929 487 1957 opus
504 1922 628 1957 plenum
646 1923 689 1949 est
705 1922 857 1950 dominica
871 1922 935 1957 glo-

153 1965 206 2000 ria,
222 1967 293 2002 quia
308 1976 397 2003 super
412 1976 532 1996 omnem
547 1976 654 2004 puram
668 1970 833 1996 creaturam
847 1969 936 1996 resul-

154 2014 194 2040 tat
208 2033 218 2047 ,
235 2015 262 2040 et
275 2014 387 2042 relucet
399 2015 570 2050 plenissime
585 2015 616 2042 in
628 2015 726 2043 Maria.
744 2017 816 2043 Nam
830 2017 936 2051 praeter

153 2062 337 2096 assumptam
349 2069 366 2089 a
381 2062 478 2089 Verbo
494 2064 641 2097 naturam,
657 2057 774 2089 nullum
790 2064 833 2089 est
848 2070 934 2098 opus,

153 2106 235 2134 nulla
248 2109 291 2135 est
312 2110 456 2143 creatura,
473 2109 504 2136 in
524 2118 582 2145 qua
604 2111 684 2137 tanta
707 2109 814 2137 divinae
834 2109 934 2144 gloriae

153 2153 275 2180 materia
289 2154 429 2189 reluceat,
445 2155 519 2183 sicut
533 2156 563 2183 in
586 2156 685 2185 Maria.
702 2156 837 2184 Gloriam
855 2156 934 2183 enim

154 2198 190 2226 de
205 2201 417 2229 restauratione
435 2202 512 2230 facta
525 2203 556 2230 in
572 2203 659 2237 coelo,
675 2203 801 2238 gloriam
828 2203 864 2230 de
886 2211 933 2230 re—

153 2245 324 2281 demptione
344 2247 420 2276 facta
443 2249 474 2276 in
489 2250 615 2284 mundo,
638 2250 766 2285 gloriam
796 2249 834 2277 de
858 2249 933 2277 libe-

151 2292 265 2320 ratione
287 2293 363 2321 faeta
387 2295 417 2321 in
438 2295 571 2330 inferno,
596 2296 686 2324 habet
715 2296 857 2323 Dominus
880 2304 933 2332 per

150 2339 282 2374 Mariam,
297 2340 388 2369 habet
400 2349 453 2377 per
464 2342 683 2377 plenitudinem
695 2343 799 2371 Mariae.
817 2345 848 2370 Et
862 2343 932 2370 ideo

150 2386 226 2414 bene
250 2387 290 2414 ait
314 2388 468 2416 Anselmus
488 2388 549 2416 sic:
570 2389 656 2416 «Tibi
681 2390 778 2417 solum
805 2389 931 2425 loquor,

151 2433 284 2469 Domina,
302 2434 454 2462 beneficiis
470 2435 525 2463 tuis
544 2436 667 2471 plenum
687 2444 748 2463 esse
765 2437 930 2472 mundum,-

185 2507 192 2522 ¹
208 2508 297 2534 Eccli..
311 2515 382 2539 XXIV,
399 2510 438 2534 20.
452 2522 482 2526 —
497 2510 507 2525 ²
522 2509 656 2539 Bernard„
672 2510 697 2533 in
710 2510 795 2535 Naliv.
810 2512 837 2536 B.
853 2512 930 2541 Maru,

152 2542 181 2565 [Ie
195 2544 347 2575 aquaeductu,
365 2552 452 2574 serm„
470 2553 495 2570 n.
515 2547 537 2569 ὕ.
556 2559 586 2563 ·-
602 2545 611 2561 ³
624 2546 783 2577 Hieronqu
800 2547 842 2571 uhi
854 2555 930 2578 supra

152 2578 277 2608 proxime.
289 2593 317 2599 —
339 2582 346 2594 ⁴
360 2581 451 2612 Ecclz'.,
467 2587 530 2612 xm,
549 2583 586 2605 16.
598 2595 628 2599 -
639 2581 648 2598 5
663 2582 844 2614 Ecel1·.,xL111‚
858 2585 879 2607 2.
900 2596 930 2601 -—

1726 214 1785 244 255

1001 275 1116 304 inferna
1130 276 1305 313 penetravit,
1328 276 1418 305 coelos
1439 278 1598 313 superavit.
1621 279 1674 306 Per
1690 278 1784 315 pleni-

1003 321 1137 351 tudinem
1151 323 1232 351 enim
1245 322 1346 359 gratiae
1356 325 1422 359 tuae,
1435 331 1500 360 quae
1515 324 1545 352 in
1560 324 1676 353 interno
1689 327 1783 361 erant,

1002 376 1033 396 se
1057 371 1190 398 laetantur
1216 369 1357 405 liberata,
1383 371 1411 398 et
1434 379 1500 407 quoe
1521 379 1611 407 supra
1636 371 1784 400 mundum

1002 417 1080 450 sunt,
1096 424 1127 444 se
1148 416 1279 452 gaudent
1292 419 1463 446 restaurata.
1480 428 1492 443 υ
1507 417 1631 446 Plenum
1647 426 1718 454 ergo
1741 420 1783 446 est

1003 461 1099 497 gloria
1115 463 1229 491 Domini
1244 472 1319 499 opus
1334 464 1398 500 ejus
1412 464 1511 500 Maria,
1527 465 1610 501 quia,
1625 465 1700 493 sicut
1713 465 1785 493 dici-

1001 509 1049 536 tur
1070 509 1101 536 in
1115 510 1222 538 lsaia7:
1247 512 1332 538 Plena
1346 514 1385 539 est
1407 513 1494 540 omnis
1519 514 1591 539 terra
1611 513 1700 547 gloria
1714 512 1781 547 ejus.

1001 556 1090 585 Plena
1104 557 1206 594 utique
1222 560 1263 586 est
1278 559 1374 587 omnis
1390 560 1478 594 terra,
1493 558 1584 595 plena
1599 560 1641 587 est
1656 560 1717 587 tota
1727 560 1783 587 Ma-

1000 603 1045 631 ria
1068 604 1219 633 relucente
1237 605 1268 633 in
1292 614 1321 633 se
1346 605 1517 641 plenissime
1543 605 1646 634 divina
1674 606 1780 642 gloria.

1000 650 1101 679 Merito
1116 653 1214 679 autem
1228 652 1368 680 omnibus
1382 653 1528 688 praedictis
1550 653 1651 688 gratiis
1668 653 1781 689 plenis-

1000 697 1076 726 sima
1091 698 1214 734 dicitur,
1232 707 1297 735 quse
1313 699 1453 727 omnibus
1468 707 1530 727 non
1543 700 1665 735 ingratis
1680 700 1783 735 gratis-

1000 744 1075 773 sima
1090 745 1228 780 creditur,
1244 746 1318 774 sicut
1332 746 1435 774 beatus
1457 746 1621 774 Bcrnardus
1641 747 1780 781 ostendit,

1000 792 1097 828 quide
1112 793 1168 820 hoc
1180 793 1286 827 verbo,
1301 794 1369 826 Ave,
1383 794 1475 827 qratia
1487 794 1578 828 plena,
1588 793 1731 834 loquens⁴
1739 794 1779 821 sic

999 838 1039 866 ait
1058 848 1064 866 :
1085 849 1097 864 «
1113 840 1188 867 Bene
1203 839 1293 875 plena
1308 840 1418 876 gratia,
1433 840 1504 876 quia
1527 841 1583 868 Deo
1606 842 1633 868 et
1654 840 1780 876 angelis,

1000 887 1027 913 et
1045 885 1219 914 hominibus
1237 888 1320 922 grata
1342 896 1348 914 :
1369 887 1542 915 hominibus
1561 895 1613 923 per
1633 887 1781 915 foecundi-

999 934 1099 967 tatem,
1118 933 1230 968 angelis
1244 941 1297 969 per
1313 934 1522 970 virginitatem,
1541 935 1599 962 Deo
1614 942 1667 970 per
1681 935 1780 962 humi-

998 980 1120 1008 litatem.
1136 991 1150 1006 ))

1033 1029 1117 1055 Nono
1147 1027 1383 1062 consideremus,
1412 1028 1592 1063 charissimi,
1623 1029 1778 1065 quomodo

997 1074 1088 1110 plena
1107 1075 1142 1102 sit
1160 1075 1249 1103 Maria
1271 1074 1409 1103 fruitione
1434 1075 1538 1103 laeutiae
1556 1077 1682 1104 aeternae.
1709 1077 1778 1110 Quis

998 1121 1077 1149 enim
1089 1122 1210 1157 nesciat,
1227 1130 1294 1149 eam
1308 1122 1346 1150 ab
1360 1122 1405 1149 his
1417 1130 1478 1150 non
1490 1122 1651 1158 exclusam,
1668 1123 1778 1160 quibus

997 1168 1086 1196 Filius
1106 1169 1169 1204 ejus
1184 1169 1257 1197 dixit
1270 1170 1280 1186 ⁸
1297 1178 1303 1196 ε
1331 1170 1429 1204 Petite,
1452 1172 1477 1196 et
1495 1172 1647 1205 accipietis,
1659 1173 1689 1198 ut
1709 1179 1778 1205 qau-

997 1216 1074 1243 dium
1089 1219 1206 1244 vestrum
1220 1217 1330 1251 plenum
1344 1218 1391 1244 sit.
1418 1216 1445 1244 Si
1466 1224 1536 1252 ergo
1553 1217 1688 1245 omnium
1702 1220 1780 1254 Apo-

997 1262 1141 1290 stolorum
1156 1284 1163 1298 ,
1186 1262 1247 1290 imo
1268 1263 1404 1290 omnium
1426 1271 1494 1290 cum
1517 1265 1575 1291 Deo
1590 1264 1779 1300 regnantium

996 1309 1141 1344 gaudium
1163 1309 1283 1345 plenum
1305 1311 1361 1344 est,
1387 1312 1497 1345 quanto
1516 1311 1612 1338 Matris
1634 1312 1682 1339 Dei
1705 1319 1779 1347 gau-

997 1356 1081 1384 dium
1099 1356 1270 1392 plenissime
1291 1358 1333 1384 est
1351 1357 1498 1392 plenum‘?
1522 1358 1560 1385 De
1576 1358 1631 1386 hac
1651 1357 1778 1394 plenitu-

996 1403 1065 1431 dine
1080 1405 1109 1431 B.
1130 1404 1325 1439 Hieronymus
1340 1403 1436 1440 inquit
1446 1405 1456 1421 ⁹
1471 1413 1477 1431 :
1496 1413 1510 1430 «
1526 1404 1614 1433 Plena
1629 1405 1778 1441 siquidem

997 1450 1100 1485 gratia,
1116 1450 1203 1486 plena
1219 1452 1287 1484 Deo,
1308 1450 1398 1486 plena
1419 1450 1588 1486 virtutibus,
1603 1459 1664 1479 non
1680 1453 1778 1487 potest

995 1505 1057 1525 non
1078 1497 1230 1533 possidere
1249 1498 1376 1533 pleniter
1397 1498 1525 1534 gloriam
1542 1499 1678 1527 claritatis
1694 1501 1776 1527 aeter-

995 1552 1049 1572 nae.
1058 1556 1070 1569 »
1082 1544 1159 1578 Quid
1169 1544 1289 1578 mirum,
1297 1545 1320 1572 si
1330 1544 1462 1572 laetitiam
1473 1546 1500 1573 ct
1506 1545 1633 1581 gloriam
1642 1548 1773 1583 plenam,

995 1593 1023 1619 et
1037 1591 1246 1627 superplenam
1268 1591 1358 1619 habet
1380 1592 1410 1618 in
1429 1600 1533 1627 regno,
1556 1601 1623 1628 quae
1650 1595 1773 1628 gratiam

995 1638 1116 1673 plenam
1133 1640 1160 1666 et
1177 1638 1389 1674 superplenam
1404 1639 1509 1666 habuit
1523 1639 1553 1666 in
1569 1640 1657 1668 exilio
1668 1642 1682 1668 ΞΡ
1699 1642 1775 1675 Quid

995 1687 1071 1713 certe
1092 1685 1218 1719 mirum,
1240 1685 1263 1712 si
1287 1686 1348 1713 tam
1369 1685 1399 1712 in
1415 1686 1489 1713 coelo
1511 1694 1603 1722 quam
1615 1687 1646 1714 in
1660 1688 1774 1716 mundo

994 1733 1055 1768 ejus
1070 1732 1224 1768 plenitudo
1245 1740 1335 1768 super
1353 1741 1472 1760 omnem
1493 1736 1658 1762 creaturam
1674 1735 1720 1769 sit,
1737 1735 1774 1763 de

994 1779 1076 1813 cujus
1091 1779 1274 1814 plenitudine
1289 1778 1385 1806 omnis
1399 1782 1534 1807 creatura
1546 1780 1683 1809 virescit?
1695 1782 1774 1809 Unde

993 1826 1147 1853 Anselmus
1167 1826 1207 1853 ait
1226 1835 1231 1852 :
1252 1835 1265 1851 «
1281 1826 1302 1853 O
1324 1826 1434 1853 femina
1449 1827 1537 1862 plena
1554 1829 1580 1854 et
1596 1829 1774 1864 superplena

994 1872 1104 1907 gratia,
1121 1872 1158 1899 de
1183 1872 1266 1907 cujus
1288 1872 1480 1908 plenitudinis
1505 1874 1688 1902 exundantia
1711 1883 1773 1902 res-

992 1927 1079 1954 persa
1103 1918 1251 1946 reviviscit
1273 1919 1369 1946 omnis
1394 1921 1543 1947 creatura!
1566 1931 1578 1946 n
1613 1921 1657 1948 Sic
1683 1929 1773 1957 ergo,

993 1966 1166 2001 charissimi,
1191 1966 1296 1993 videtis
1321 1966 1351 1993 in
1375 1967 1464 1995 Maria
1485 1967 1701 2003 plenitudinem
1724 1978 1771 1998 sa—

992 2013 1109 2048 pientiae
1136 2013 1367 2040 illuminativam
1379 2034 1388 2047 ,
1422 2014 1639 2050 plenitudinem
1673 2017 1773 2051 gratiae

992 2059 1210 2094 mundativam,
1222 2060 1440 2095 plenitudinem
1448 2061 1514 2088 vitaz
1525 2061 1771 2098 sructificativam,

992 2106 1209 2142 plenitudinem
1223 2107 1433 2134 misericordiae
1446 2108 1665 2142 subventivam,
1680 2111 1773 2145 pleni-

992 2154 1126 2182 tudinem
1138 2154 1270 2181 Ecclesiee
1284 2154 1486 2190 perfectivam,
1500 2155 1717 2190 plenitudinem
1733 2158 1773 2185 fa-

991 2209 1047 2229 mae
1067 2202 1280 2237 respersivam,
1305 2201 1521 2236 plenitudinem
1543 2202 1650 2231 divinae
1669 2204 1771 2239 gloriae

992 2248 1201 2284 expressivam,
1228 2250 1255 2275 et
1284 2247 1500 2283 plenitudinem
1527 2251 1641 2277 {eternae
1667 2250 1771 2279 laetitiae

991 2295 1251 2330 supergressivam.
1286 2294 1336 2322 Eia
1361 2303 1431 2330 ergo
1443 2316 1451 2329 ,
1481 2296 1654 2331 plenissima
1682 2298 1770 2334 Virgo

991 2342 1089 2375 Maria,
1105 2350 1159 2369 nos
1176 2344 1235 2369 tam
1249 2341 1362 2376 inanes,
1386 2344 1446 2369 tam
1461 2350 1582 2378 vacuos,
1599 2344 1639 2371 sic
1653 2346 1770 2380 partiei-

990 2397 1042 2424 pes
1056 2387 1249 2424 plenitudinis
1264 2390 1320 2415 tuae
1334 2388 1436 2422 facias,
1452 2392 1483 2416 ut
1498 2390 1619 2418 tandem
1634 2392 1673 2418 ad
1686 2394 1768 2419 aeter-

989 2444 1060 2463 nam
1090 2435 1306 2470 plenitudinem
1335 2436 1500 2471 pertingere
1528 2437 1690 2465 valeamus..
1717 2441 1769 2467 Per

990 2481 1148 2510 Dominum
1163 2484 1296 2510 nostrum
1309 2483 1408 2510 Jesum
1419 2483 1573 2516 Christum,
1591 2486 1644 2511 etc.

989 2548 998 2561 ⁶
1015 2548 1045 2571 ΙΙΙ
1067 2547 1139 2577 aeq„
1159 2553 1184 2577 x,
1202 2548 1240 2571 20.
1253 2561 1282 2564 —
1300 2548 1307 2560 '¹
1320 2548 1377 2576 Isti.y
1395 2553 1434 2573 vi,
1458 2548 1480 2571 3.
1497 2561 1526 2565 -
1542 2549 1642 2577 '‘Jorm.‚
1656 2555 1708 2580 ενι,
1726 2552 1765 2576 24,

989 2596 1017 2601 —
1033 2585 1040 2596 '⁷'
1057 2583 1172 2612 Hieron„
1189 2583 1231 2606 ubi
1246 2591 1330 2614 supra.

1796 1037 1822 1058 B.
1833 1037 1902 1058 Maria

1816 1069 1882 1095 plena

1795 1100 1898 1121 fruitione

1809 1131 1888 1152 laetitiae

1795 1164 1889 1184 aeternae.
