2029 3052
248 245 308 276 602

247 319 322 343 rum
344 319 385 342 ex
406 309 514 342 debito
533 309 744 347 necessitatis,
770 308 824 340 sed
846 316 887 339 ex
907 307 1019 338 liberae

247 364 408 396 charitatis
423 363 550 403 affectu,
566 366 597 395 et
607 365 643 395 ut
653 362 804 394 meritum
817 362 1020 402 expectarent

247 418 286 450 de
299 418 406 449 fructu
420 417 530 448 salutis
543 417 690 455 aliorum,
712 418 743 447 et
757 415 936 456 periculum
955 414 1020 446 evi-

247 473 351 502 tarent
373 471 412 502 de
437 470 614 511 perditione
642 478 772 508 eorum,
797 468 964 509 participes
985 468 1020 499 in

246 525 349 564 lucro,
368 525 533 556 indemnes
547 524 582 554 in
598 523 799 561 detrimento,
819 524 857 553 ut
870 521 948 552 alios
962 530 1021 553 ex-

246 579 376 610 trahant
389 579 428 610 de
447 578 609 618 naufragii
629 586 685 608 seu
706 576 844 607 incendii
865 575 1017 616 periculo,

247 633 306 673 ipsi
321 632 392 671 tuti,
407 631 613 663 consistentes
634 631 668 661 in
686 630 797 668 solido,
812 638 878 661 non
892 629 1019 670 pericli-

246 688 355 718 tentur
367 695 440 717 cum
453 685 663 726 pereuntibus
674 684 707 714 in
722 685 858 724 peccato.

502 803 704 845 QUAESTIO
727 803 768 836 ΙΙ.

247 893 300 921 Gur
320 892 419 925 tratres
438 891 557 918 Minores
576 890 677 926 populo
695 889 857 925 proedz'cent,
876 889 900 915 et
920 888 1020 921 confes-

283 940 369 967 siones
389 938 517 973 audiant,
534 945 593 966 cum
612 938 766 965 animarum
780 944 871 964 curam
884 935 1021 964 ordinarie

282 991 335 1012 non
349 983 512 1020 suscipiant.

286 1068 348 1099 Cur
362 1076 452 1107 ergo,
470 1066 526 1107 qui
542 1066 723 1097 animarum
738 1073 849 1096 curam
860 1063 1021 1095 ordinarie

246 1131 312 1154 non
322 1121 489 1161 suscipitis,
506 1119 685 1160 praedicatis
699 1118 829 1159 populo,
847 1119 878 1148 et
894 1117 1019 1148 coufes-

245 1176 349 1207 siones
367 1174 494 1212 auditis,
515 1173 676 1204 mittentes
695 1172 808 1203 falcem
828 1171 861 1202 in
884 1179 1020 1202 messem

246 1229 400 1266 alienam,
430 1237 503 1258 cum
524 1227 585 1257 illis
615 1225 743 1266 proprie
765 1226 938 1265 competat,
964 1223 1021 1264 qui

246 1282 426 1313 animarum
455 1289 566 1311 curam
588 1288 629 1310 ex
649 1279 752 1310 officio
777 1280 906 1318 gerunt,
933 1278 1019 1317 inju-

247 1335 365 1366 riantes
385 1334 535 1375 plebanis,
558 1333 590 1364 in
611 1341 750 1373 quorum
768 1331 921 1363 videmini
940 1339 1022 1371 prae-

244 1389 402 1430 judicium
433 1396 581 1419 exercere
609 1386 713 1417 officia
741 1385 801 1416 illis
831 1385 1019 1420 commissa,

247 1445 277 1473 et
302 1442 492 1482 decipientes
513 1441 594 1478 illos,
621 1448 702 1480 quos
722 1439 902 1477 absolvitis,
925 1447 1021 1478 super

247 1506 326 1538 quos
332 1495 585 1536 jurisdictionem
600 1503 664 1525 non
676 1494 800 1524 habetis
811 1492 1019 1532 ordinariam,

247 1552 355 1581 contra
369 1558 528 1580 canonum
542 1548 696 1586 instituta,
715 1550 743 1577 et
759 1546 938 1587 periculum
954 1546 1020 1577 ani-

247 1612 373 1634 marum
393 1604 585 1633 vestrarum.

288 1656 483 1696 Respondeo.
497 1655 580 1686 Nulli
593 1656 624 1686 in
635 1655 695 1686 hoc
709 1654 842 1685 facimus
854 1653 1018 1693 injuriam,

246 1720 304 1742 nec
325 1710 464 1751 aliquem
485 1709 675 1749 decipimus3
699 1709 753 1739 sed
773 1708 868 1739 Sedes
886 1708 1019 1747 Aposto-

245 1764 316 1802 lica,
332 1772 404 1804 quae
420 1763 600 1794 immediate
614 1772 722 1794 curam
748 1761 894 1793 Ecclesiae
910 1761 1018 1798 habet,

246 1820 277 1849 et
296 1827 314 1848 a
335 1827 397 1856 qua
419 1817 523 1848 caeteri
545 1816 748 1847 ecclesiarum
776 1817 933 1855 pastores,
954 1815 1020 1844 tam

247 1874 394 1913 maj0res‚
411 1881 508 1913 quam
525 1871 674 1910 minores,
699 1869 901 1911 gubernandi
919 1869 1019 1899 susci-

247 1927 337 1966 piunt
354 1927 584 1964 auctoritatem,
603 1928 666 1955 tam
684 1925 831 1962 mediate,
852 1933 948 1963 quani
964 1923 1022 1953 im-

247 1980 403 2018 mediate,
433 1982 464 2010 et
491 1990 510 2009 a
537 1989 600 2019 qua
621 1988 732 2009 omnes
751 1986 909 2009 canonum
932 1977 1022 2015 leges

246 2035 407 2071 emanant,
417 2033 525 2063 videns
535 2033 568 2063 iu
577 2033 626 2063 his
636 2031 815 2063 novissimis
824 2030 1022 2070 temporibus

243 2089 338 2127 Juxta
358 2087 546 2127 Apostolum
563 2088 569 2103 ¹
593 2087 710 2117 instare
730 2088 874 2125 tempora
895 2085 1018 2125 pericu-

247 2141 322 2179 losa,
339 2143 370 2172 et
383 2141 497 2171 laxatis
513 2140 709 2179 evangelicae
727 2139 959 2179 praedicationis
976 2148 1022 2169 re-

247 2195 333 2225 tibus
351 2195 384 2224 in
403 2196 583 2234 capturam,
608 2195 710 2223 tantos
731 2192 898 2223 intluxisse
921 2192 1022 2232 pisces

248 2247 416 2279 hominum
434 2248 472 2278 ad
491 2247 562 2277 fidei
584 2246 823 2286 professionem,
844 2244 930 2285 quod
956 2248 1021 2275 rete

248 2301 320 2332 fidei
337 2300 503 2338 scinditur,
519 2309 655 2330 messem
670 2299 812 2330 fidelium
828 2299 974 2337 multam,
991 2301 1022 2329 et

248 2355 408 2395 operarios
422 2355 552 2385 idoneos
575 2363 701 2393 paucos,
726 2363 763 2384 eo
787 2353 871 2393 quod
897 2354 1021 2392 peccata

248 2408 387 2448 quotidi⁴¹
403 2408 656 2448 multiplicantur
670 2407 701 2436 in
729 2406 874 2443 Ecclesia,
899 2409 929 2437 et
953 2406 1021 2445 epi-

248 2462 332 2501 scopi
356 2462 493 2501 negotiis
520 2460 730 2491 exterioribus
749 2460 843 2490 dediti
869 2459 1018 2499 spiritua-

247 2515 332 2546 libus
346 2515 509 2545 intendere
521 2516 694 2554 ncqueunt,
712 2515 742 2543 et
757 2514 849 2552 pauci
865 2515 939 2543 sunt
954 2521 1021 2552 pas-

248 2571 331 2599 tores
345 2569 379 2598 in
393 2569 531 2599 ecclesiis
549 2567 753 2608 personaliter
768 2567 950 2603 residentes,
967 2566 1020 2597 sed

248 2622 376 2652 vicariis
403 2625 433 2652 et
463 2621 667 2653 mercenariis
695 2620 896 2651 committunt
925 2629 1018 2657 oves,

281 2704 286 2716 ¹
313 2704 331 2762 ¹4¹
359 2703 430 2734 Tim„
457 2709 499 2733 ιιι,
528 2706 549 2728 1.
572 2716 601 2720 —
627 2703 637 2718 ἵ
659 2702 727 2732 Luc„
750 2708 773 2731 ν,
798 2703 820 2726 7.
845 2714 875 2719 —-
898 2701 908 2717 ⁸
931 2702 938 2724 l
961 2701 1020 2731 Cor,

249 2744 284 2768 lx,
304 2740 312 2762 1
333 2757 338 2763 .

717 236 1093 273 DETERMINATIONES
1114 235 1384 276 QUAESTIONUM

1074 307 1144 338 sive
1157 305 1281 338 animes
1301 307 1468 347 regendas,
1488 307 1523 338 in
1540 317 1681 348 quorum
1702 309 1849 350 plurimis

1075 360 1169 391 multi
1182 359 1334 392 eveniunt
1347 360 1485 392 defectus
1500 361 1688 402 imperitiae,
1709 365 1741 394 et
1759 363 1850 395 inho-

1076 415 1174 445 nestae
1190 413 1230 454 (a)
1255 413 1341 452 vitae,
1357 414 1578 454 negligentiae,
1594 417 1626 446 et
1639 415 1776 447 aliorum
1790 417 1848 448 de-

1074 467 1227 505 fectuum,
1247 476 1305 507 per
1321 476 1402 507 quos
1421 468 1461 498 ad
1480 468 1705 507 gubernandas
1725 470 1849 501 animas

1075 521 1254 553 redduntur
1267 520 1435 560 inhabiles,
1456 523 1487 552 et
1502 528 1566 552 uon
1581 531 1648 554 esse
1664 523 1721 563 qui
1741 524 1850 564 plebes

1076 574 1240 613 erudiant,
1264 574 1316 606 vel
1334 583 1353 605 a
1374 575 1495 615 peccati
1515 576 1646 607 faecibus
1664 578 1848 617 extrahant,

1075 628 1205 660 vocavit
1217 637 1275 659 nos
1288 628 1323 659 in
1343 628 1540 668 adiutorium
1558 632 1626 661 tam
1643 630 1729 670 cleri,
1752 640 1850 672 quam

1076 681 1197 722 populi,
1208 683 1244 712 ut
1257 690 1314 722 per
1323 682 1464 714 officium
1472 683 1715 723 praedicationis,
1733 687 1764 716 et
1777 694 1851 716 con-

1076 735 1220 766 fessionis
1246 736 1476 767 subveniamus
1497 738 1684 777 animabuS‚
1713 740 1745 770 et
1768 748 1851 771 onus

1076 790 1239 829 pastorum
1254 789 1448 821 sublevando
1463 790 1670 823 alleviemus:
1693 791 1774 823 sicut
1789 793 1850 824 Pe-

1076 844 1156 881 trus,
1173 844 1204 874 et
1219 843 1289 883 ejus
1303 843 1390 882 socii,
1406 853 1472 875 non
1493 844 1633 875 valentes
1647 845 1705 876 soli
1718 848 1786 878 rete
1800 847 1849 887 pi-

1077 896 1179 937 scium
1209 897 1248 928 ad
1274 897 1363 928 littus
1387 897 1514 928 trahere
1537 907 1604 938 prae
1626 899 1849 938 multitudine,

1076 954 1260 983 annuerunt
1276 951 1388 984 Jacobo
1404 954 1433 984 et
1453 952 1574 984 Joanm:
1586 952 1597 969 ³
1615 953 1711 985 sociis
1728 954 1799 986 suis
1814 954 1852 986 in

1076 1005 1145 1037 alia
1160 1006 1250 1042 navi,
1274 1013 1347 1045 quae
1360 1005 1468 1045 signat
1485 1005 1697 1045 Religionem,
1712 1009 1749 1039 ut
1763 1008 1853 1039 veni-

1076 1061 1147 1090 rent
1162 1061 1191 1091 et
1205 1057 1400 1098 adjuvarent
1422 1066 1482 1097 eos,
1503 1067 1543 1089 ne
1568 1059 1620 1090 vel
1645 1059 1706 1100 ipsi
1729 1069 1852 1100 merge-

1077 1114 1200 1150 rentur,
1216 1112 1267 1143 vel
1281 1112 1381 1152 pisces
1406 1112 1488 1152 capti
1510 1112 1660 1152 perirent.
1678 1113 1758 1144 Cum
1772 1123 1851 1154 ergo

1077 1174 1117 1196 ex
1131 1165 1320 1206 Apostolicae
1342 1165 1429 1197 Sedis
1444 1166 1607 1205 missione,
1629 1167 1853 1208 episcoporum

1076 1219 1308 1258 benevolentia,
1333 1219 1566 1259 praedicationis
1585 1229 1698 1260 opera,
1723 1223 1755 1252 et
1775 1230 1851 1252 con-

1076 1273 1229 1310 fessionis⁷
1253 1273 1386 1304 subditis
1411 1282 1523 1304 eorum
1544 1274 1777 1314 impendimus,
1799 1283 1853 1306 eos

1076 1336 1116 1358 ex
1135 1327 1287 1358 charitate
1313 1329 1343 1358 et
1367 1327 1554 1358 auctoritate
1577 1336 1689 1358 eorum
1712 1328 1851 1360 absolvi-

1078 1390 1164 1419 mus;
1181 1383 1213 1412 et
1228 1389 1292 1412 non
1315 1380 1490 1420 decipimus
1510 1390 1576 1419 eos,
1602 1381 1656 1412 sed
1676 1383 1833 1421 juvamus
1842 1373 1852 1420 3¹

1077 1437 1107 1465 ct
1123 1434 1155 1465 ln
1171 1435 1231 1465 illis
1247 1435 1281 1465 fit
1303 1443 1366 1465 uon
1386 1434 1610 1474 praeJudicium
1626 1427 1780 1475 plebanis,
1798 1436 1852 1467 sed

1077 1490 1278 1528 beneficium,
1293 1489 1370 1520 dum
1393 1498 1451 1530 pro
1472 1490 1516 1519 eis
1536 1490 1732 1529 laboramuS,
1760 1492 1790 1521 et
1813 1491 1851 1522 ad

1075 1543 1286 1574 obedientiam
1301 1543 1439 1574 debitam
1453 1552 1565 1575 eorum
1581 1544 1724 1575 subditos
1739 1544 1853 1576 exhor-

1076 1600 1194 1628 tamur.
1210 1597 1289 1628 Nam
1305 1597 1329 1627 si
1352 1597 1507 1637 plebanus
1521 1599 1622 1638 potest
1637 1598 1727 1628 alteri
1749 1598 1852 1629 vicem

1076 1660 1169 1682 suam
1191 1652 1399 1689 committere,
1417 1652 1517 1682 multo
1536 1651 1649 1682 fortius
1670 1653 1770 1691 potest
1793 1652 1853 1682 hoc

1077 1705 1172 1745 Papa,
1191 1707 1222 1736 et
1240 1705 1387 1745 episcopi,
1409 1705 1465 1745 qui
1482 1705 1655 1745 pleniorem
1679 1705 1797 1736 habent
1820 1705 1852 1736 in

1076 1768 1187 1790 omnes
1201 1759 1259 1789 sibi
1275 1760 1460 1790 commissos
1474 1759 1540 1790 sine
1557 1759 1734 1790 differentia
1749 1761 1852 1800 potes-

1076 1816 1184 1844 tatem.
1202 1812 1240 1843 Et
1253 1813 1334 1843 sicut
1347 1822 1387 1842 ex
1403 1812 1566 1851 charitate,
1582 1821 1645 1843 non
1660 1821 1701 1843 ex
1718 1812 1853 1843 necessi-

1076 1868 1150 1905 tato,
1168 1866 1384 1906 impendimus
1400 1866 1547 1896 fidelihus
1561 1866 1739 1906 spiritualia
1754 1866 1852 1897 subsi-

1077 1920 1138 1958 dia,
1153 1920 1304 1956 docendo,
1321 1922 1349 1949 et
1360 1919 1492 1956 orando,
1502 1922 1532 1949 et
1547 1929 1564 1949 a
1580 1920 1712 1959 peccatis
1725 1919 1759 1950 in
1774 1928 1849 1950 con-

1076 1974 1209 2004 fessione
1223 1973 1429 2010 absolvendo3
1451 1973 1492 2003 ita
1515 1973 1574 2012 ipsi
1599 1981 1664 2003 non
1685 1982 1725 2003 ex
1745 1973 1852 2004 debito

1077 2028 1255 2065 coactionis,
1274 2028 1327 2058 sed
1348 2036 1387 2058 ex
1410 2027 1554 2057 libertate
1575 2027 1737 2057 charitatis
1759 2026 1851 2056 mini-

1077 2084 1176 2112 strant
1184 2081 1274 2112 nobis
1282 2081 1452 2120 corporalis
1459 2080 1652 2110 necessitatis
1662 2079 1849 2118 subsidium,

1076 2145 1149 2166 cuin
1166 2135 1319 2167 Dominus
1344 2134 1543 2166 ordinaverit
1563 2134 1616 2171 iis,
1640 2134 1697 2173 qui
1712 2133 1852 2173 Evanqe-

1076 2190 1157 2221 lium
1168 2189 1332 2225 nuntiam,
1348 2187 1386 2219 cle
1401 2187 1575 2226 Evanyelio
1592 2187 1696 2218 vivere
1710 2189 1731 2225 ⁸,
1750 2189 1808 2217 etc.

1320 2296 1521 2337 QUAESTIO
1552 2296 1608 2329 ΙΙΙ.

1109 2382 1160 2409 Cur
1178 2381 1278 2413 fratres
1299 2381 1416 2407 Minores
1436 2380 1587 2406 litterarum
1606 2378 1698 2405 studio
1717 2380 1818 2405 vacent.

1120 2460 1196 2490 Item
1212 2467 1333 2498 quaero,
1362 2466 1434 2488 cum
1452 2457 1591 2496 religiosi
1618 2456 1751 2487 debeant
1774 2455 1848 2485 sim-

1077 2513 1197 2553 pliciter
1229 2511 1410 2549 ambulare,
1446 2513 1476 2540 ct
1510 2510 1641 2541 omnino
1677 2508 1850 2540 virtutibus

1076 2566 1249 2602 abundare,
1270 2565 1352 2596 etad
1369 2565 1428 2595 hoc
1451 2573 1581 2604 operam
1602 2564 1688 2601 dare,
1705 2571 1762 2593 cur
1776 2571 1848 2593 rur-

1076 2629 1147 2650 sum
1164 2619 1267 2650 studio
1290 2619 1478 2655 litterarum,
1496 2626 1569 2657 quae
1585 2617 1660 2647 olim
1680 2616 1778 2646 sancti
1797 2615 1850 2646 Pa-

1076 2676 1139 2704 tres
1159 2672 1369 2712 postposuisse
1391 2671 1573 2708 laudantur,
1597 2672 1634 2700 ut
1663 2669 1849 2700 Benedictus

1111 2736 1143 2765 (a)
1162 2735 1221 2759 Coet.
1237 2734 1296 2759 edit.
1316 2734 1440 2758 honestae.
