2029 3052
531 301 739 336 SPECULUM
761 300 907 334 BEATAE
929 303 1068 336 MARIAE
1089 303 1279 338 VIRGINIS.

101 371 129 399 ct
139 371 170 399 tu
180 378 210 399 es
220 369 393 399 fidelissima
403 377 515 398 secum.
524 371 566 398 Tu
575 369 654 398 enim
662 377 693 398 es
704 369 755 398 ilia
766 369 876 398 fidelis-

100 418 176 446 sima
191 417 332 447 columba
346 419 416 452 Noe,
433 425 498 454 quae
520 417 593 445 inter
609 425 759 445 summum
776 419 878 453 Deum,

101 466 129 492 et
142 465 289 493 muudum
305 464 418 493 diluvio
440 463 584 501 spirituali
601 464 801 499 submersum,
816 472 877 493 me-

101 511 209 539 diatrix
227 511 399 539 fidelissima
418 511 520 539 extitit.
542 513 654 540 Corvus
673 511 811 546 infidelia
830 520 878 539 co-

100 557 205 586 lumba
225 556 322 586 fidelis
345 556 408 586 fuit.
432 557 477 586 Sic
497 558 525 586 et
542 559 602 586 Eva
620 557 767 594 infidelis;
789 557 878 586 Maria

100 612 172 633 vero
187 604 283 633 fidelis
300 604 419 633 inventa
439 606 491 633 est.
515 606 574 633 Eva
591 604 797 633 infidelissima
818 613 878 633 ine-

102 650 209 680 diatrix
223 651 397 688 perditionis
403 661 411 688 3
430 651 517 680 Maria
533 659 604 680 vero
624 651 798 680 fidelissima
819 660 879 679 me-

101 697 209 726 diatrix
223 698 324 727 salutis
338 698 400 726 fuit.
417 699 486 726 Ideo
499 698 603 726 beatus
614 698 780 726 Bernardus
795 698 835 726 ait
847 698 855 714 ¹
871 707 877 726 :

105 754 118 770 «
134 745 240 773 Fidelis
260 745 414 773 mediatrix
434 745 533 779 Maria,
553 753 620 782 quae
637 745 739 774 salutis
761 746 878 774 antido-

102 794 164 820 tum
183 791 252 819 viris
275 793 303 819 et
322 791 497 820 mulieribus
511 792 690 828 propinavit.
707 803 720 820 n
739 793 880 821 Dominus

101 846 173 874 ergo
187 840 295 873 tecum,
312 846 330 866 0
344 838 433 866 Maria
448 838 631 868 fidelissima.

136 885 257 920 Quarto,
271 885 421 921 attendite,
437 886 610 921 charissimi,
624 887 708 923 quod
718 889 817 915 noster
828 889 880 916 Do-

100 931 199 960 minus
207 932 352 968 specialis,
360 932 488 969 quicum
498 933 587 961 Maria
595 935 648 968 est,
658 934 720 970 ipse
732 936 774 962 est
785 935 880 963 Domi-

101 987 157 1007 nus
168 978 420 1007 nominatissimus
435 979 610 1008 famositate.
624 981 719 1017 Magni
735 981 815 1009 enim
830 990 880 1010 no-

101 1025 189 1054 minis
198 1028 249 1061 est,
259 1027 328 1054 teste
338 1026 491 1062 Hieremia,
502 1027 599 1064 quide
611 1028 735 1056 Domino
744 1028 797 1056 isto
807 1027 878 1056 ait2:

100 1074 162 1102 Non
176 1077 213 1101 est
229 1073 328 1101 similis
344 1075 395 1108 lui,
414 1076 534 1109 Domine,
548 1077 574 1102 et
588 1083 702 1110 maqnus
722 1078 761 1109 lu,
781 1079 806 1103 ei
821 1084 880 1103 mu-

102 1129 184 1155 qnum
193 1129 287 1148 nomen
300 1123 384 1148 tuum.
396 1122 535 1157 Magnum
548 1122 650 1157 ntique
665 1122 746 1150 fama
756 1122 881 1150 etlaude

102 1175 213 1195 nomen
229 1167 343 1196 Domini
359 1170 402 1196 est
419 1168 450 1196 in
468 1168 551 1196 omni
573 1169 698 1205 populo,
717 1169 792 1197 sicut
814 1171 882 1198 Pro-

102 1214 192 1250 pheta
213 1215 340 1243 osteudIt
359 1215 460 1243 dicens
477 1216 487 1231 <⁹⁶
504 1225 510 1243 :
528 1217 610 1251 Reqes
633 1218 722 1250 terrae,
747 1219 772 1244 et
793 1225 881 1244 omnes

100 1263 199 1297 populi
209 1270 218 1294 ,·
234 1263 383 1297 principes,
399 1265 424 1290 ei
439 1271 526 1291 omnes
536 1263 644 1297 judices
664 1266 750 1291 terrae.
768 1265 882 1291 Juveues

103 1310 129 1335 et
149 1309 280 1344 virgines,
300 1316 373 1336 senes
394 1317 453 1337 cum
468 1310 627 1344 junioribus
653 1311 763 1338 laudent
788 1319 882 1339 nomen

106 1356 224 1383 Domini.
239 1355 371 1383 Nominis
382 1357 480 1384 autem
492 1357 608 1385 Domini
616 1357 680 1385 laus
692 1357 811 1386 etfama
821 1366 882 1386 non

103 1402 202 1430 solum
225 1411 346 1431 omnem
367 1403 526 1440 populum,
545 1404 599 1432 sed
619 1405 707 1432 etiam
732 1405 771 1432 ad
793 1413 882 1433 omne

103 1450 220 1486 tempus
236 1458 266 1477 se
283 1450 423 1485 extendit,
440 1450 514 1479 sicut
529 1459 582 1486 per
598 1451 736 1479 eumdem
754 1452 882 1487 prophe-

103 1497 165 1524 tam
174 1497 264 1532 patet,
276 1497 328 1532 qui
343 1496 383 1525 ait
392 1497 402 1514 '¹
415 1506 421 1524 :
433 1497 476 1525 Sit
484 1506 578 1525 nomen
586 1499 696 1525 Domini
707 1499 882 1534 benedictum,

104 1551 137 1570 em
153 1544 200 1571 hoc
215 1551 285 1571 nunc
305 1547 330 1571 ec
347 1552 431 1579 usque
453 1546 482 1571 in
501 1545 636 1572 saeculum.
661 1546 732 1573 Item
754 1545 884 1572 nominis

105 1590 221 1618 Domini
236 1590 301 1618 laus
314 1592 342 1618 et
356 1590 435 1618 fama
450 1598 512 1618 non
527 1591 624 1619 solum
639 1591 678 1619 ad
693 1600 813 1619 omnem
828 1600 884 1628 po-

104 1636 220 1672 pulum,
236 1645 298 1665 non
312 1637 411 1665 solum
423 1637 462 1665 ad
477 1645 566 1665 omne
581 1640 715 1673 tempus3
733 1638 786 1666 sed
797 1639 884 1666 etiam

104 1683 144 1711 ad
159 1692 280 1711 omnem
293 1683 395 1712 locum
410 1693 439 1712 se
455 1685 592 1720 extendit,
614 1685 689 1713 'sicut
704 1686 768 1721 jam
790 1685 885 1713 dictus

104 1731 252 1766 propheta
266 1731 421 1759 declarans
436 1731 476 1759 ait
489 1732 499 1748 ⁵
516 1741 523 1758 τ
539 1732 565 1759 Α
579 1733 644 1760 solis
663 1735 724 1760 ortu
744 1740 827 1767 usque
850 1733 886 1760 acl

105 1785 225 1805 occasum
251 1774 387 1806 laudabile
413 1787 507 1806 nomen
532 1780 650 1806 Domini.
678 1781 759 1814 Ecce,
784 1779 884 1814 Maria,

106 1826 235 1860 quantus
260 1825 413 1860 Dominus,
435 1834 526 1862 quam
548 1826 718 1854 nominatus
747 1826 887 1854 Dominus

106 1874 166 1906 est,
184 1872 236 1908 qui
251 1874 347 1900 tecum
363 1875 421 1907 est3
445 1875 473 1900 et
495 1873 566 1908 quia
584 1873 724 1900 Dominus
746 1873 885 1901 nomina-

108 1918 245 1955 tissimus,
261 1920 322 1948 sive
335 1920 560 1955 famosissimus,
576 1921 772 1949 famosissime
789 1923 832 1949 est
844 1924 886 1949 te-

107 1975 186 2002 cum,
208 1968 278 1996 ideo
297 1969 326 1996 et
346 1970 377 1996 tu
399 1968 594 1997 famosissima
608 1971 636 1997 et
650 1969 888 1997 nominatissima

107 2023 217 2042 secum.
229 2016 270 2043 Tu
281 2015 360 2043 enim
375 2015 452 2043 bene
468 2016 583 2051 signata
599 2024 629 2043 es
640 2024 693 2052 per
705 2016 789 2043 illam
800 2016 886 2050 Ruth,

108 2062 146 2089 de
161 2070 222 2098 qua
242 2062 350 2098 legitur
368 2063 408 2090 sic
425 2064 435 2080 ⁴³
457 2072 463 2090 :
484 2063 526 2090 Sit
551 2064 701 2099 ememplum
721 2059 837 2091 'virtutis
859 2064 889 2089 in

108 2109 242 2143 Ephrata,
257 2113 281 2136 el
297 2110 393 2137 habeut
413 2110 510 2138 celebre
530 2119 624 2138 nomeu
646 2112 675 2137 in
694 2111 838 2143 Bethleem,
858 2109 889 2136 id

110 2157 153 2182 est
173 2155 204 2182 in
226 2155 362 2184 Ecclesia.
378 2157 400 2185 O
422 2157 607 2184 celeberrimi
635 2157 765 2184 nominis
788 2157 889 2190 Maria,

110 2201 265 2237 quomodo
275 2205 495 2238 possetnomeu
506 2205 590 2231 tuum
605 2211 664 2232 non
681 2212 742 2231 esse
760 2203 889 2238 celebre,

111 2256 176 2283 quae
187 2248 276 2276 etiam
291 2249 397 2277 devote
412 2250 561 2278 nominari
583 2258 644 2278 non
658 2252 742 2286 potes
757 2250 819 2277 sine
835 2258 889 2277 no-

110 2294 249 2323 minantis
264 2295 407 2323 utilitate?
426 2298 555 2324 Testatur
575 2299 642 2324 tuus
662 2297 827 2324 Bernardus
847 2296 891 2323 di-

111 2349 180 2369 cens
193 2343 203 2359 ⁷
220 2351 227 2370 ε
246 2351 260 2367 ιι
276 2344 297 2370 O
314 2350 434 2377 magna,
451 2351 468 2370 o
482 2343 543 2379 pia,
556 2351 574 2370 0
590 2343 716 2371 multum
731 2343 890 2371 laudabilis

112 2389 210 2424 Maria,
229 2392 261 2417 tu
279 2397 333 2417 nec
352 2390 501 2418 nominari
521 2392 615 2426 potes,
634 2391 707 2426 quin
725 2391 889 2422 accendas;

112 2443 167 2463 nec
187 2437 309 2472 cogitari
324 2437 457 2473 quidem,
478 2437 551 2473 quin
574 2445 687 2465 recrees
707 2438 828 2465 affectus
844 2438 890 2465 di*

112 2482 267 2517 ligentium
284 2485 325 2518 te3
341 2486 373 2512 tu
387 2492 543 2520 nunquam
559 2484 621 2511 sine
637 2484 794 2512 dulcedine
815 2485 891 2512 divi-

113 2529 191 2557 nitus
205 2529 258 2558 tibi
272 2531 374 2565 insita,
391 2531 448 2567 piae
467 2530 618 2558 memoriae
635 2533 735 2566 portas
756 2531 892 2566 ingrede-

114 2575 165 2603 ris.
181 2585 194 2603 »
212 2577 300 2605 Maria
315 2585 398 2613 ergo,
413 2577 526 2612 fratres,
539 2577 649 2614 optimc
663 2577 777 2612 signata
787 2579 830 2605 est
841 2585 893 2613 per

151 2662 155 2676 ¹
176 2661 262 2692 Bern.‚
278 2662 304 2685 in
318 2663 390 2686 Dom.
407 2663 454 2694 inf.
471 2664 549 2687 octav.
566 2663 706 2694 Assumpl„
720 2670 808 2693 serm„
824 2670 850 2686 n,
870 2664 893 2686 2.

116 2710 147 2715 —-
159 2698 170 2713 ²
181 2698 283 2728 Jerem„
300 2705 325 2728 x,
340 2700 364 2722 ὓ.
381 2713 407 2716 -
421 2699 430 2713 ³
442 2699 510 2724 Psal.
527 2705 639 2729 CXLVIH,
660 2700 736 2723 11-12.
756 2713 786 2717 —
799 2699 809 2715 '⁴
824 2699 893 2723 Psul.

119 2738 185 2763 cxii,
208 2735 230 2756 2.
250 2747 279 2750 —
303 2735 313 2750 5
338 2734 410 2763 ibid,
438 2737 461 2760 3.
477 2748 506 2752 —-
526 2736 535 2749 ⁶
559 2735 634 2764 Ruth,
660 2740 693 2765 IV,
720 2737 757 2758 11.
774 2748 803 2752 —
821 2735 830 2751 ⁷
848 2735 895 2759 Vel

119 2769 231 2800 Eobert.,
248 2770 328 2793 Serm.
346 2777 445 2801 paney.²
461 2777 505 2795 seu
522 2772 626 2801 Delu-ec.
642 2773 665 2794 et
684 2770 754 2794 laud.
773 2771 805 2793 ml
825 2771 893 2800 γίνῃ.

1656 305 1715 335 259

935 371 1018 400 illam
1035 372 1223 401 famosissimi
1238 372 1368 400 nominis
1382 372 1535 400 foeminam
1549 371 1661 406 Judith,
1677 371 1715 399 de

936 427 996 455 qua
1016 419 1159 456 scriptum
1174 422 1216 448 est
1230 420 1240 437 ⁸
1256 429 1262 448 :
1281 421 1343 448 Hoec
1361 422 1418 448 erat
1438 421 1468 447 in
1487 419 1609 447 omnibus
1625 420 1715 453 famo-

934 466 1053 500 sissima,
1070 468 1197 500 quoniam
1209 467 1320 494 timebat
1339 468 1480 494 Dominum
1494 466 1582 500 valde,
1598 473 1643 493 nec
1657 468 1714 493 erat

935 515 983 548 qui
997 513 1030 540 de
1044 514 1094 540 illu
1108 514 1259 548 loqueretur
1273 514 1381 542 verbum
1395 515 1504 541 mulum.
1521 512 1718 549 Famosaqui-

936 560 1006 588 dem
1021 563 1062 588 cst
1079 561 1168 588 Maria
1182 562 1303 596 propter
1317 560 1436 588 virtutes
1456 562 1484 588 ct
1505 560 1642 596 exempla
1662 568 1716 588 sua

935 608 996 635 tam
1011 607 1194 642 laudabilia3
1211 607 1353 636 famosior
1368 611 1467 636 autem
1488 610 1609 645 propter
1628 608 1715 636 mise-

936 653 1079 682 ricordias
1104 655 1131 682 et
1151 654 1297 682 beneficia
1321 663 1375 682 sua
1401 656 1463 682 tam
1487 655 1714 690 inenarrabilia3

935 702 1133 731 famosissima
1147 711 1218 731 vero
1238 704 1360 739 propter
1378 702 1488 737 gratias
1511 705 1538 731 et
1558 703 1717 739 privilegia

936 757 990 777 sua
1005 751 1063 778 tam
1078 749 1237 778 mirabilia.
1255 749 1331 784 Quid
1345 750 1424 778 enim
1435 749 1611 783 mirabilius,
1625 757 1717 785 quam

937 804 999 824 esse
1015 799 1139 824 matrem
1155 799 1183 824 et
1196 797 1355 832 virginem,
1376 798 1404 824 et
1421 804 1483 824 esse
1504 796 1553 824 Dei
1569 798 1717 824 matrem?

936 843 1012 876 Quid
1028 845 1126 871 autem
1141 843 1261 878 mirum,
1279 843 1302 871 si
1319 843 1408 871 Maria
1425 843 1462 871 de
1478 842 1565 870 tantis
1585 842 1718 870 millibus

936 890 1147 918 misericordiae
1162 899 1221 918 suae
1235 890 1388 918 benefieiis
1402 889 1518 918 famosa
1535 892 1576 918 est
1588 889 1619 916 in
1633 897 1720 917 mun-

937 937 985 970 do,
1001 945 1067 972 quae
1083 939 1143 965 tam
1157 937 1271 965 famosa
1287 940 1329 965 est
1343 937 1380 965 de
1395 937 1483 965 unico
1499 936 1647 964 beneficio
1663 944 1717 963 suo

937 984 1014 1012 cirea
1028 984 1223 1020 'theophilum
1239 985 1392 1012 exhibito?
1408 985 1454 1012 Ait
1472 984 1574 1012 heatus
1594 985 1717 1011 Bernar-

938 1031 1028 1059 dus⁹:
1043 1040 1057 1057 «
1070 1032 1229 1059 Famosum
1243 1040 1368 1059 summas
1383 1033 1440 1059 tuae
1454 1031 1646 1066 benignitatis
1660 1032 1716 1058 tes-

938 1078 1095 1106 timonium
1118 1080 1160 1106 est
1180 1087 1233 1114 per
1252 1079 1279 1106 te
1298 1079 1477 1106 restauratus
1491 1077 1681 1113 Theophilus,
1699 1085 1717 1104 o

938 1124 1035 1153 Maria.
1061 1136 1074 1151 »
1100 1126 1242 1153 Dominus
1264 1133 1335 1161 ergo
1360 1128 1467 1159 tecum,
1485 1124 1684 1153 famosissima
1700 1132 1718 1152 o

938 1172 1035 1200 Maria.
1055 1173 1155 1200 Gaude
1170 1180 1260 1207 nunc,
1281 1181 1298 1200 o
1320 1173 1426 1207 Maria3
1447 1172 1556 1207 gaude.
1573 1173 1645 1199 Ecce
1662 1174 1716 1199 Do-

939 1219 1037 1246 minus
1051 1219 1201 1255 piissimus
1216 1220 1257 1247 sic
1272 1222 1314 1247 est
1329 1221 1436 1254 tecum,
1449 1219 1533 1255 quod
1543 1221 1573 1247 tu
1584 1227 1614 1246 es
1624 1219 1720 1255 piissi-

938 1274 988 1294 ma
1006 1274 1115 1294 seeum.
1140 1267 1280 1294 Dominus
1299 1267 1477 1302 justissimus
1494 1266 1535 1293 sic
1553 1267 1596 1294 est
1610 1267 1719 1300 tecum,

940 1313 1022 1349 quod
1038 1315 1069 1341 tu
1083 1321 1113 1341 es
1127 1314 1287 1348 justissima
1302 1322 1413 1341 secum.
1432 1313 1571 1341 Dominus
1586 1313 1720 1341 famosis-

939 1361 1031 1388 simus
1053 1361 1094 1388 sic
1114 1362 1157 1388 est
1177 1362 1285 1396 tecum,
1314 1361 1398 1397 quod
1423 1362 1452 1388 tu
1473 1368 1503 1388 es
1523 1360 1721 1389 famosissima

939 1416 1050 1436 secum.
1077 1409 1126 1436 Eia
1145 1417 1227 1444 ergo,
1247 1408 1380 1444 piissima
1402 1407 1502 1442 Maria,
1528 1416 1584 1436 nos
1612 1408 1721 1444 impios

939 1456 1022 1483 salva
1038 1464 1091 1491 per
1107 1457 1189 1483 tuam
1204 1455 1557 1483 misericordiosissimam
1570 1455 1719 1491 pietatem.

940 1501 1000 1537 Eia,
1023 1503 1184 1538 justissima
1206 1502 1306 1536 Maria,
1329 1510 1383 1529 nos
1411 1502 1536 1537 injustos
1562 1502 1646 1530 salva
1668 1510 1721 1538 per

939 1552 1021 1577 tuam
1041 1549 1234 1585 justissimam
1253 1549 1432 1585 aequitatem.
1456 1549 1517 1583 Eia,
1546 1549 1721 1576 fidelissima

940 1596 1039 1630 Maria,
1055 1604 1109 1624 nos
1123 1596 1255 1632 perfidos
1271 1596 1353 1624 salva
1367 1604 1421 1632 per
1434 1598 1515 1624 tuam
1526 1596 1718 1624 certissimam

941 1643 1124 1671 fidelitatem.
1145 1643 1206 1677 Eia,
1230 1643 1429 1671 famosissima
1450 1643 1549 1677 Maria,
1570 1651 1626 1671 nos
1647 1642 1720 1670 infa-

941 1699 1003 1718 mes
1019 1691 1101 1718 salva
1116 1698 1170 1726 per
1185 1692 1265 1718 tuam
1285 1690 1492 1718 suavissimam
1512 1690 1720 1718 famositatem.

1234 1791 1369 1820 LECTiO
1392 1791 1428 1820 X.

943 1857 1021 1889 Quod
1032 1859 1172 1890 Dominus,
1183 1857 1216 1884 de
1227 1865 1277 1892 quo
1290 1858 1393 1884 (licitur
1405 1858 1435 1883 B.
1446 1857 1563 1883 Μανίας
1579 1855 1722 1883 Dominus

984 1901 1090 1933 tecum,
1121 1903 1175 1927 tam
1204 1902 1383 1934 sivissulariter
1408 1902 1446 1926 est
1475 1907 1533 1925 cum
1565 1899 1669 1931 Maria,
1692 1900 1723 1924 ut

978 1949 1041 1981 ipsa
1055 1946 1110 1979 ejus
1125 1945 1162 1971 sil
1176 1944 1236 1977 filia
1250 1944 1430 1973 nobilissima,
1445 1945 1532 1969 mater
1547 1942 1722 1977 dignissima,

979 1996 1077 2024 sponsa
1091 1988 1291 2020 venustissima,
1306 1988 1330 2012 et
1345 1986 1445 2012 ancilla
1459 1985 1644 2012 devotissima.

980 2060 1046 2086 Post
1075 2056 1224 2092 praedicta,
1261 2054 1436 2088 charissimi,
1472 2053 1723 2081 considerandum

944 2105 1029 2142 quod
1045 2104 1184 2132 Dominus
1197 2104 1261 2136 iste,
1277 2102 1313 2129 de
1328 2109 1389 2137 quo
1403 2101 1527 2128 dicitur:
1544 2102 1672 2127 Dominus
1688 2103 1724 2128 te-

945 2161 1014 2186 cum,
1030 2159 1091 2179 non
1106 2150 1204 2178 solum
1223 2150 1265 2177 est
1284 2148 1425 2176 Dominus
1445 2147 1619 2182 generaliter
1645 2155 1725 2174 crea-

945 2201 1017 2227 turae
1030 2197 1245 2231 universaliter,
1263 2204 1321 2223 non
1335 2195 1432 2222 solum
1448 2196 1489 2221 esi
1506 2194 1646 2221 Dominus
1661 2202 1726 2229 spe-

946 2246 1057 2274 cialiter
1077 2246 1217 2272 ereatura}
1232 2242 1404 2276 rationalis-3
1421 2241 1482 2268 imo
1498 2241 1561 2276 ipse
1577 2240 1665 2268 etiam
1686 2243 1728 2268 est

946 2293 1087 2321 Dominus
1103 2290 1291 2326 singulariter
1316 2288 1390 2316 aulae
1412 2287 1565 2323 virginalis
1581 2296 1641 2315 sure
1658 2295 1727 2315 san-

946 2340 1079 2368 ctissimae
1095 2337 1252 2374 genitricis.
1270 2337 1358 2364 Maria
1371 2335 1568 2371 singulariter,
1583 2337 1644 2363 tam
1664 2343 1727 2362 cor-

946 2396 1018 2423 porc
1035 2394 1126 2422 quam
1142 2385 1252 2418 anima,
1268 2386 1310 2411 est
1325 2383 1393 2411 aula
1408 2382 1535 2416 Domini,
1552 2382 1660 2410 domus
1680 2382 1728 2408 Dei

947 2435 1138 2467 sanctissima,
1153 2433 1188 2460 de
1200 2431 1302 2467 quain
1313 2431 1428 2459 Psalmo
1445 2430 1550 2457 dicitur
1562 2430 1581 2447 ¹0
1597 2439 1603 2456 :
1621 2431 1730 2456 Domum

949 2486 1022 2509 lutam
1042 2482 1113 2508 dcccl
1128 2479 1292 2514 sanctitutis),
1310 2480 1431 2506 Domine.
1451 2479 1472 2505 O
1488 2485 1556 2504 vere
1572 2475 1728 2511 singulari-

948 2531 990 2556 ter
1007 2529 1123 2556 beatam
1141 2526 1276 2559 domum,
1292 2533 1358 2561 quse
1380 2524 1444 2552 sola
1463 2527 1522 2552 tam
1542 2522 1730 2558 singulariter

949 2576 1038 2604 talem
1061 2574 1168 2602 meruit
1199 2572 1308 2600 habere
1344 2572 1513 2599 Dominum.
1554 2572 1625 2597 Ecce
1652 2569 1732 2597 enim

949 2623 1053 2650 beatus
1068 2619 1233 2649 Bernardus
1249 2619 1289 2647 ait
1300 2620 1321 2637 ¹¹
1339 2628 1371 2646 :u
1387 2620 1427 2645 Tu
1436 2617 1500 2645 sola
1508 2617 1601 2652 digna
1612 2617 1733 2643 inventa

950 2699 1026 2725 Mur„
1042 2704 1067 2719 n.
1089 2697 1111 2719 ὓ.
1125 2708 1155 2712 -
1172 2694 1182 2710 ⁸
1195 2694 1294 2720 Jusli'lli,
1316 2700 1375 2721 vni,
1392 2697 1414 2716 ὃ.
1430 2706 1460 2710 -
1475 2693 1485 2708 9
1500 2691 1545 2715 Vel
1564 2691 1674 2719 Ecbert.,
1690 2689 1733 2713 ulii

950 2741 1018 2764 sup..
1037 2740 1062 2756 n.
1080 2733 1103 2755 2.
1120 2744 1150 2748 —
1164 2732 1184 2747 ¹⁰
1200 2730 1268 2754 l'sul.
1286 2736 1352 2759 xcii,
1373 2730 1397 2752 8.
1416 2741 1445 2746 —
1462 2729 1479 2744 ¹¹
1498 2727 1544 2752 Vel
1562 2727 1674 2755 Eebert.,
1692 2725 1735 2748 ulii

951 2776 1027 2799 supra
1041 2774 1166 2798 proxim-⁴2.
