2029 3052
617 227 732 261 ClRGA
753 227 943 261 REGULAM
965 228 998 261 S.
1019 227 1236 260 FRAthscl.

127 298 236 338 etalii,
253 307 288 331 se
302 297 397 331 modo
411 297 498 337 dant,
513 297 589 330 etin
601 297 722 329 secreta
733 303 901 329 conversa-

127 352 214 385 tione
228 352 368 384 student.

168 405 364 447 Respondeo,
384 405 470 447 quod
490 413 578 442 cum,
592 403 675 435 sicut
698 402 820 435 dictum
841 404 901 441 est,

129 459 361 501 praedicationis
381 458 524 491 officium
553 467 595 489 ex
615 456 758 497 regulari
781 456 900 497 profes-

127 513 217 545 sione
234 513 339 545 ordini
360 521 525 545 annexum
546 511 596 551 sit,
619 513 651 543 et
671 510 769 542 etiam
785 510 903 542 contes-

127 567 237 606 sionis,
252 576 327 608 quae
342 566 490 598 notitiam
512 565 681 606 requirunt
701 572 801 596 sacrae
821 563 903 596 Scri-

127 623 243 662 pturae‚
258 629 332 662 quae
341 620 450 652 subtili
463 620 588 660 indiget
600 619 634 650 in
654 617 812 659 plerisque
826 617 902 649 locis

128 675 338 716 expositione,
355 684 395 706 ne
409 683 450 706 ex
466 673 626 715 imperitia
640 681 764 704 errores
777 680 835 712 pro
849 680 904 703 ve-

128 729 222 761 ritate
246 729 434 768 doceamus,
463 737 589 760 necesse
616 729 663 759 est
688 726 779 758 nobis
804 733 902 757 sacrae

129 782 302 823 Scripturae
334 782 452 813 babere
480 781 622 813 studium
657 782 689 812 et
716 778 901 819 magistros.

129 835 204 867 Haec
217 835 303 867 enim
320 834 450 866 scientia
467 843 533 866 non
553 833 658 866 solum
682 832 768 864 utilis
792 834 839 864 est
864 831 903 862 ad

128 888 266 921 aliorum
276 887 499 926 eruditionem,
512 887 565 918 sed
580 886 677 918 etiam
689 885 729 918 ad
738 885 903 927 propriam

129 942 384 981 instructionem,
403 943 441 973 ut
461 950 573 973 servus
589 940 644 972 Dei
659 939 737 971 sciat
761 939 903 980 seipsum

129 995 209 1027 bene
228 1004 351 1035 regere,
366 997 398 1026 et
418 995 552 1027 virtutes
572 1003 591 1026 a
611 993 697 1025 vitiis
711 993 902 1031 discernere,

130 1051 161 1080 et
173 1049 320 1081 notitiam
340 1049 406 1088 Dei,
426 1051 458 1080 et
480 1049 662 1080 futurorum
683 1047 903 1088 praemiorum,

130 1102 245 1135 clarius
261 1102 452 1143 intelligere,
468 1105 499 1134 et
514 1102 547 1133 in
562 1101 712 1133 omnibus
733 1100 858 1132 cautius
874 1101 906 1132 et

131 1157 324 1189 fructuosius
351 1157 544 1188 conversari.
577 1155 657 1187 Nam
681 1157 712 1186 et
735 1153 905 1195 Apostolus

131 1211 279 1243 hortatur
295 1211 303 1228 ¹
319 1210 524 1242 Timotheum
539 1209 578 1241 ad
591 1209 734 1240 lectionis
748 1208 903 1246 studium,

131 1267 162 1296 et
174 1266 356 1296 sanctorum
374 1263 467 1295 nobis
481 1262 646 1303 diligentia
669 1262 702 1293 in
722 1263 906 1293 sanctarum

131 1318 343 1349 ruminatione
364 1317 603 1358 Scripturarum
620 1317 803 1356 frequenter
817 1324 905 1346 com-

132 1371 312 1403 mendatur.
331 1370 454 1402 Veritas
474 1370 560 1401 enim
583 1370 668 1408 fidei,
688 1371 719 1400 et
735 1369 809 1400 vitae
820 1377 908 1399 sanc-

132 1426 205 1457 titas
218 1450 226 1464 ,
256 1433 322 1456 non
346 1423 474 1455 aliunde
490 1448 499 1462 ‚
529 1432 627 1464 quam
655 1431 696 1454 ex
729 1422 906 1462 Scriptura-

133 1488 208 1511 rum
222 1479 307 1510 fonte
318 1478 477 1516 hauritur,
493 1477 560 1508 sine
578 1477 695 1517 quibus
711 1475 907 1516 impossibile

133 1535 181 1565 est
199 1541 394 1573 quemquam
409 1531 535 1563 salvari.
559 1530 790 1562 Haereticorum
811 1529 908 1559 etiam

133 1587 295 1625 versutiis,
316 1587 372 1627 qui
391 1587 425 1618 in
449 1585 620 1626 Scripturis
641 1584 757 1615 sanctis
770 1583 908 1614 occasio-

135 1650 210 1672 nem
229 1641 346 1672 erroris
369 1649 425 1680 per
448 1639 542 1671 falsas
563 1638 839 1678 interpretationes
857 1645 907 1668 as-

136 1696 279 1733 sumunt,
300 1695 423 1734 oportet
436 1703 492 1734 per
510 1694 655 1733 ipsarum
665 1692 852 1731 diligentem
862 1692 909 1722 in-

137 1747 382 1787 vestigationem
397 1747 584 1786 diligentius
594 1746 735 1784 obviare,
752 1748 783 1777 et
800 1745 910 1777 fideles

136 1803 246 1832 contra
260 1800 387 1831 illorum
407 1801 534 1832 fraudes
553 1802 584 1831 et
600 1800 732 1831 latentes
750 1799 911 1839 decipulas

137 1855 343 1895 praemunire.
369 1854 458 1885 Unde
479 1853 714 1894 Hieronymus²
732 1864 739 1885 :
760 1865 774 1882 (ι
797 1853 912 1884 Sancta

139 1909 297 1940 rusticitas
311 1909 414 1939 solum
430 1908 489 1939 sibi
502 1907 639 1948 prodest,
655 1909 686 1938 et
697 1908 853 1947 quantum
870 1916 910 1937 ex

140 1964 216 1995 vitae
234 1963 347 1994 merito
368 1962 538 1994 Ecclesiam
553 1961 667 1993 Christi
682 1961 826 2000 aedificat,
844 1964 912 1992 tan-

139 2020 208 2048 tun'.
225 2018 328 2054 nocet,
345 2016 371 2047 si
381 2016 646 2047 distribuentibus
661 2024 725 2046 non
740 2015 875 2046 resistat.
892 2026 906 2044 n

138 2070 226 2102 Unde
241 2070 412 2110 Apostolus
425 2069 499 2100 dicit
513 2070 523 2087 ³
541 2080 547 2100 :
562 2070 677 2102 Potens
687 2070 730 2102 sit
747 2069 913 2102 exhortari

138 2125 175 2156 in
193 2123 344 2156 doctrina
361 2131 460 2162 sana,
487 2126 515 2156 et
535 2131 585 2156 eos
611 2124 667 2163 qui
687 2123 912 2156 contradicunt

138 2185 284 2218 arguere,
300 2179 360 2209 etc.

383 2284 585 2326 QUAESTIO
608 2286 666 2319 1V.

177 2374 228 2401 Cur
246 2374 346 2406 fratres
364 2372 482 2399 Minores
501 2372 571 2398 nihil
590 2371 702 2398 habeant
716 2373 876 2406 proprium,

281 2425 326 2444 uec
341 2417 370 2443 in
384 2417 505 2451 speciali,
522 2424 567 2443 nec
584 2417 612 2443 iu
628 2417 769 2443 communi,

180 2500 258 2531 Item
277 2507 350 2530 cum
365 2498 500 2529 sufficiat
511 2498 551 2529 ad
568 2498 734 2538 religionis
751 2499 914 2538 perfectio-

140 2563 214 2585 nem
228 2553 275 2584 nil
289 2552 407 2584 habere
425 2551 589 2592 proprium
599 2552 633 2581 in
648 2552 785 2592 speciali,
806 2555 837 2583 et
860 2553 915 2583 ha-

141 2608 215 2638 bere
222 2606 432 2647 possessiones
438 2614 496 2645 pro
502 2605 688 2636 necessitate
698 2605 731 2636 in
738 2607 912 2645 communi,

178 2688 206 2711 Ἰ
228 2688 298 2718 Tim,
320 2694 353 2718 lv,
373 2689 410 2711 13.
429 2700 460 2705 —
483 2687 490 2700 ²
516 2687 621 2711 Hieron.
642 2700 672 2704 --
693 2687 701 2701 ³
725 2687 782 2718 Tit„
802 2693 825 2717 1,
845 2689 867 2711 9.
885 2701 914 2706 —

143 2724 152 2740 δ
169 2723 268 2754 Mami„
284 2729 337 2754 xix,
353 2724 390 2747 25.
409 2736 435 2740 -
452 2723 461 2739 ⁵
474 2722 548 2752 ibid„
567 2728 622 2752 v111,
642 2724 680 2747 20.
697 2736 725 2740 -
741 2723 750 2737 θ
770 2723 843 2753 tbid.,
857 2729 914 2755 xix,

1675 229 1736 260 603

955 296 1040 328 sicut
1059 305 1172 328 omnes
1187 295 1361 336 religiones
1380 295 1588 338 antiquorum
1606 296 1736 336 patrum

956 349 1126 388 Benedicti,
1155 350 1338 390 Augustini,
1367 352 1399 381 et
1425 349 1580 388 aliorum;
1610 348 1737 380 videtur

956 404 1172 436 inconsultum
1189 405 1220 436 et
1237 403 1346 445 aliquo
1361 403 1455 435 modo
1479 404 1600 434 tentare
1624 402 1734 440 Deum,

956 457 1042 498 quod
1064 459 1172 488 tantus
1199 457 1278 489 ordo
1301 459 1441 498 exponat
1469 465 1503 488 se
1542 456 1736 488 mendicitati

957 511 1162 552 quotidianae,
1188 511 1276 542 velut
1298 511 1424 543 coelitus
1447 512 1592 551 expectet
1614 509 1736 542 victum

957 574 1065 604 suum,
1082 574 1157 596 cum
1173 567 1277 606 posset
1290 565 1380 597 aliter
1395 565 1525 596 habere.

998 619 1182 660 Respondeo
1199 629 1207 651 :
1227 619 1377 651 Perfectio
1391 619 1533 651 diversos
1550 618 1647 650 habet
1665 627 1738 657 gra-

957 673 1028 711 dus,
1045 675 1077 705 et
1090 673 1172 705 alius
1191 673 1254 705 alio
1268 674 1438 705 sublimior
1451 675 1511 711 est,
1536 682 1594 705 nec
1615 673 1737 714 periec-

957 727 1035 758 tioni
1049 727 1185 759 aliorum
1199 727 1351 759 ordinum
1373 727 1572 768 praeJudicat,
1588 727 1667 767 quin
1695 727 1738 758 al-

958 781 1018 812 tior
1039 781 1136 822 possit
1161 781 1310 813 inveniri.
1333 781 1468 813 Tentare
1488 783 1597 812 autem
1619 780 1732 821 Deum,

958 844 1023 866 non
1047 838 1094 866 est
1115 835 1230 867 Christi
1250 835 1513 876 promissionibus
1535 835 1683 874 credere,
1706 837 1738 866 et

957 890 1028 929 ejus
1045 889 1183 920 consiliis
1204 889 1350 928 obedire,
1373 890 1405 920 et
1424 889 1495 929 eJus
1510 887 1649 928 vestigia
1664 888 1739 919 imi-

958 943 1031 982 tari,
1054 943 1110 983 qui
1134 943 1209 974 dicit
1229 945 1240 962 ⁸
1267 954 1274 974 :
1294 944 1393 975 Amen
1418 942 1492 975 dico
1513 942 1621 980 vobis,
1651 942 1740 983 quod

959 1004 1014 1030 vos
1038 997 1097 1037 qui
1122 997 1302 1038 reliquistis
1328 997 1455 1034 omnia,
1482 999 1513 1029 et
1535 997 1639 1029 secuti
1662 997 1739 1029 estis

959 1059 1024 1090 me,
1051 1051 1203 1084 sedebitis
1230 1059 1326 1092 super
1356 1051 1460 1089 sedes,
1496 1052 1557 1082 etc.
1584 1049 1740 1081 Dominus

959 1106 1068 1136 autem
1099 1105 1193 1136 istam
1225 1107 1446 1145 paupertatem
1471 1103 1597 1141 docuit,
1632 1105 1664 1135 et
1692 1105 1739 1134 te-

960 1159 1043 1196 nuit,
1069 1161 1104 1190 ut
1130 1158 1174 1189 nil
1197 1158 1403 1198 possessionis
1424 1158 1457 1188 in
1487 1159 1571 1188 terra
1594 1157 1737 1188 haberet.

961 1211 1049 1243 Unde
1058 1211 1134 1242 dicit
1147 1211 1156 1228 ¹
1173 1222 1179 1243 :
1206 1211 1316 1252 Vulpes
1327 1212 1436 1251 foveas
1451 1210 1576 1249 habent,
1599 1213 1628 1242 et
1647 1209 1739 1242 volu-

960 1273 1027 1298 cres
1039 1265 1109 1297 coeli
1123 1265 1229 1304 nidos,
1245 1268 1304 1296 etc.
1327 1264 1433 1296 Multis
1455 1266 1563 1296 autem
1578 1263 1617 1295 de
1637 1263 1741 1294 causis

961 1319 1038 1351 ordo
1063 1319 1107 1350 nil
1126 1319 1293 1360 proprium
1319 1318 1460 1359 possidet
1475 1318 1505 1348 in
1527 1318 1588 1349 hoc
1604 1317 1738 1348 mundo.

963 1373 1080 1412 Primo,
1095 1375 1131 1404 ut
1145 1373 1283 1412 vestigia
1303 1372 1419 1404 Christi
1442 1371 1611 1412 perfectius
1634 1370 1741 1402 imite-

963 1427 1035 1458 tur⁸
1051 1438 1058 1458 :
1077 1427 1113 1459 Si
1126 1428 1177 1460 vis
1198 1428 1355 1467 perfectus
1371 1433 1448 1465 esse,
1468 1425 1580 1462 vende,
1603 1427 1662 1455 etc.
1689 1423 1741 1455 Se-

964 1481 1079 1519 cundo,
1096 1483 1133 1512 ut
1152 1481 1281 1520 laqueos
1303 1479 1444 1511 avaritiae
1466 1478 1588 1510 facilius
1603 1478 1741 1509 decline-

964 1543 1038 1566 mus
1050 1535 1060 1551 ⁷
1073 1545 1079 1565 :
1094 1536 1158 1573 Qui
1167 1535 1277 1566 volunt
1287 1534 1405 1566 divites
1413 1533 1497 1573 sieri,
1506 1532 1669 1569 incidunt,
1679 1534 1738 1563 etc.

964 1588 1081 1627 Tertio,
1103 1591 1139 1620 ut
1160 1589 1269 1629 culpas
1292 1587 1520 1628 superfluitatis
1540 1586 1666 1626 plenius
1689 1594 1743 1616 ex-

965 1643 1104 1682 piemus3
1122 1642 1207 1673 unde
1222 1643 1254 1672 in
1272 1641 1452 1672 Proverbiis
1466 1643 1476 1660 ⁸
1494 1651 1500 1670 τ
1523 1639 1652 1671 Omnem
1667 1638 1741 1670 sub-

965 1695 1122 1727 stantiam
1132 1694 1245 1726 domus
1258 1701 1337 1732 suoe,
1353 1695 1412 1724 etc.
1426 1693 1557 1730 Quarto,
1571 1693 1608 1722 ut
1620 1690 1743 1721 altioris

966 1748 1069 1779 meriti
1084 1748 1221 1788 gloriam
1237 1754 1471 1787 consequamur
1485 1754 1541 1785 per
1555 1745 1660 1776 varias
1676 1744 1742 1776 vir-

965 1804 1050 1834 tutes
1076 1802 1270 1843 paupertatis
1293 1802 1303 1818 ⁹
1329 1812 1335 1832 :
1362 1801 1453 1832 Beati
1481 1807 1658 1840 pauperes,
1683 1800 1741 1829 etc.

966 1856 1095 1894 Quinto,
1113 1858 1148 1886 ut
1161 1855 1322 1886 liberiores
1343 1854 1443 1885 simus
1464 1855 1569 1884 mente
1593 1853 1633 1883 ad
1647 1852 1742 1892 spiri-

966 1909 1064 1940 tualia
1078 1909 1182 1940 studia
1196 1908 1359 1946 orationis,
1377 1905 1662 1946 contemplationis,
1679 1905 1744 1936 lec-

966 1963 1074 2001 tionis3
1092 1971 1191 2002 quare
1205 1962 1280 1992 dicit
1294 1961 1446 1992 Dominus
1458 1959 1478 1977 ¹⁰
1497 1970 1504 1992 2
1521 1958 1630 1993 Nolite
1642 1960 1745 1999 possi-

967 2016 1039 2049 dere
1063 2024 1190 2054 aterum,
1215 2017 1275 2046 etc.
1307 2014 1414 2052 Sexto,
1444 2015 1481 2044 ut
1510 2013 1745 2053 praedicationis

966 2071 1070 2101 studio
1090 2069 1268 2110 expeditius
1288 2068 1502 2099 intendamus.
1528 2066 1684 2106 Septimo,
1710 2069 1745 2098 ut

968 2125 1103 2156 verbum
1125 2124 1178 2154 Dei
1202 2123 1310 2153 minus
1325 2122 1446 2161 trepide
1461 2121 1612 2152 omnibus
1626 2130 1744 2161 propo-

968 2187 1094 2210 namus
1112 2177 1240 2215 Octavo,
1255 2178 1291 2207 ut
1303 2175 1410 2215 magis
1422 2175 1580 2206 confidere
1590 2183 1702 2206 omnes
1711 2175 1745 2205 in

968 2241 1044 2263 eum
1068 2233 1229 2271 sperantes
1252 2230 1433 2260 doceamus,
1457 2228 1565 2267 Nono,
1592 2231 1628 2259 ut
1653 2237 1742 2259 occa-

969 2287 1057 2317 sione
1073 2284 1216 2325 petendae
1231 2283 1442 2323 eleemosynae
1457 2282 1496 2313 ad
1511 2282 1650 2313 aliorum
1665 2282 1744 2313 aedi-

969 2340 1149 2371 ficationem
1164 2337 1360 2378 frequentius
1375 2345 1538 2367 exeamus,
1553 2336 1694 2374 Decimo,
1709 2338 1746 2367 ut

969 2394 1023 2434 qui
1038 2393 1130 2424 nobis
1145 2391 1341 2423 subveniunt
1355 2391 1388 2420 in
1402 2389 1642 2429 temporalibus,
1659 2389 1742 2420 fidu-

969 2447 1078 2478 cialius
1099 2445 1276 2486 spiritualia
1296 2444 1472 2484 requirant.
1496 2442 1680 2479 Undecimo,
1708 2444 1745 2473 ut

970 2501 1075 2539 magis
1098 2500 1180 2530 cauti
1206 2499 1305 2529 simus
1329 2498 1369 2527 ab
1387 2496 1476 2527 omni
1503 2495 1667 2533 scandalo,
1689 2495 1744 2535 qui

971 2554 1078 2593 magis
1100 2554 1250 2583 timemus
1273 2552 1306 2581 in
1329 2549 1556 2590 temporalibus
1587 2549 1743 2589 deperire.

972 2607 1162 2638 Duodecimo
1174 2631 1182 2645 ,
1219 2608 1254 2637 ut
1281 2607 1369 2635 tanto
1400 2603 1588 2635 humiliores
1620 2603 1742 2641 simus,
1783 2598 1787 2601 ’

972 2690 1010 2712 21.
1026 2701 1056 2705 —
1071 2688 1078 2702 '¹
1095 2688 1102 2712 l
1121 2688 1192 2718 Tim,
1210 2692 1243 2717 Vt,
1259 2687 1281 2710 9.
1302 2698 1332 2703 -
1348 2685 1356 2699 ⁸
1370 2685 1455 2714 Proin,
1472 2690 1506 2715 Vt,
1522 2685 1561 2709 31.
1576 2698 1606 2702 —
1620 2685 1628 2699 ἵ·
1644 2684 1744 2714 ΜαίὶΙι.,

974 2730 998 2753 ν,
1013 2726 1035 2748 3.
1049 2724 1079 2741 -“
1095 2725 1111 2738 “·
1126 2723 1198 2753 1bid.,
1215 2728 1239 2751 x,
1257 2723 1279 2745 9.
