2029 3052
257 204 316 234 56⁶2.
818 209 865 250 sp)

255 269 327 308 tice,
343 277 401 309 per
415 267 538 308 gradus
550 266 672 298 medios
686 264 897 297 deducantur.
913 263 972 295 Hic
985 265 1033 295 est

255 325 343 356 enim
357 324 466 356 motus
477 323 584 354 rectus
597 320 755 352 mentium
775 319 973 358 divinarum,
996 321 1034 350 ut

256 380 387 410 sanetus
402 377 492 409 docet
505 374 707 415 Dionysius¹.
723 373 762 405 Et
774 372 819 404 sic
838 372 922 404 scala
934 372 1031 404 Jacob

254 432 266 449 ³
275 430 520 470 ascendentibus
531 430 563 460 et
574 425 1030 459 descendentibusadornatur.

255 485 306 517 Sic
321 493 455 517 ascensu
471 491 636 524 purpureo
651 481 727 513 ffliae.
739 479 939 512 Hierusalem
954 489 1031 521 per-

255 539 385 581 guntin
397 536 637 570 reclinatorium
651 538 662 555 ³
677 534 868 567 Salomonis.

506 666 509 668 ·
533 649 677 685 CAPUT
704 648 747 682 II.

302 740 341 767 De
358 738 400 766 his
420 738 469 773 qui
487 737 580 764 volunt
599 737 686 763 vitam
704 735 786 762 istam
805 733 939 768 accipere,
959 734 985 760 et

459 782 578 818 qualiter
596 781 684 816 recipi
702 779 824 807 debeant.

293 864 328 896 Si
352 863 409 905 qui
429 862 591 895 voluerint
606 861 692 893 hanc
710 860 810 891 vitam
830 859 983 900 accipere,
1000 859 1032 889 et

251 917 398 950 venerint
410 916 450 948 ad
471 916 585 948 fratres
604 917 742 953 nostros,
766 913 893 944 mittant
914 921 968 944 eos
990 912 1030 943 ad

251 982 326 1004 suos
339 972 502 1004 ministros
523 969 747 1006 Provinciales,
770 968 887 1008 quibus
907 967 1030 998 solum-

251 1027 358 1066 modo,
375 1028 406 1058 et
416 1035 480 1058 non
493 1025 574 1064 aliis,
589 1023 760 1065 recipiendi
776 1022 890 1053 fratres
903 1021 1030 1052 licentia

251 1081 453 1112 concedatur.
477 1079 613 1111 Ministri
632 1087 710 1110 vero
724 1077 909 1110 examinent
924 1084 978 1106 eos
992 1075 1030 1106 de

250 1135 313 1166 fide
341 1134 496 1166 catholica
517 1136 548 1165 et
571 1131 788 1165 ecclesiasticis
810 1130 1028 1161 sacramentis.

250 1188 289 1220 Et
303 1189 329 1220 si
344 1188 413 1220 haec
427 1188 535 1219 omnia
554 1187 695 1225 credant,
716 1188 747 1217 et
761 1185 860 1217 velint
879 1193 916 1215 ea
934 1183 1032 1215 fideli-

251 1245 299 1274 ter
321 1242 484 1281 confiteri,
516 1244 548 1272 et
579 1249 681 1281 usque
708 1240 740 1270 in
769 1240 866 1270 finem
896 1238 1031 1269 tirmiter

250 1297 437 1335 observare,
462 1298 493 1327 et
518 1304 636 1327 uxores
656 1303 721 1325 non
741 1293 859 1324 habent
882 1293 934 1333 (al,
961 1291 1028 1328 vel,

250 1351 277 1382 si
292 1351 410 1382 liabent
427 1350 480 1391 (a),
502 1350 597 1381 etiam
623 1349 658 1388 (b)
677 1347 905 1379 monasterium
929 1347 1028 1377 intra-

250 1405 356 1437 verint
369 1415 497 1445 uxoreS,
514 1405 566 1436 vel
581 1404 744 1435 licentiam
759 1403 786 1434 ei
801 1402 944 1433 dederint
959 1410 1031 1432 auc-

250 1460 377 1491 toritate
390 1459 558 1491 dioecesani
570 1457 725 1499 Episcopi,
739 1458 814 1488 voto
824 1455 1029 1487 continentiae

247 1515 315 1554 jam
327 1514 454 1551 emisso,
471 1515 502 1544 et
516 1512 602 1543 illius
616 1513 679 1543 sint
689 1511 790 1542 aetatis
802 1519 929 1548 uxores,
944 1509 1028 1549 quod

251 1577 315 1598 non
330 1567 428 1607 possit
443 1567 481 1598 de
501 1567 546 1597 eis
567 1566 645 1597 oriri
668 1565 818 1605 suspicio,
842 1564 947 1595 (licant
970 1563 1030 1593 illis

251 1621 387 1652 verbum
402 1621 502 1652 sancti
525 1620 693 1659 Evangelii
709 1620 730 1656 ⁶,
749 1618 833 1659 quod
854 1618 983 1655 vadant,
1001 1619 1029 1648 et

251 1676 392 1707 vendant
405 1675 514 1706 onmia
525 1684 593 1711 sua,
616 1677 646 1704 ct
661 1684 697 1704 ea
717 1673 864 1704 studeant
881 1671 1030 1712 paup—ri-

251 1730 311 1761 bus
325 1738 471 1769 erogare.
488 1728 578 1766 Quod
595 1729 620 1758 si
644 1728 745 1758 tacere
766 1736 830 1757 non
855 1726 1028 1766 potuerint,

250 1784 366 1815 sufficit
380 1783 425 1815 eis
435 1784 519 1814 bona
531 1782 692 1814 voluntas.
711 1782 890 1812 Etcaveant
907 1780 1029 1817 fratres,

251 1840 282 1870 et
296 1847 409 1869 eorum
425 1836 575 1875 ministri,
597 1845 637 1866 ne
659 1834 783 1866 solliciti
802 1834 864 1865 sint
879 1834 917 1865 de
935 1834 1030 1864 rebus

252 1892 318 1924 suis
332 1891 571 1932 temporalibus,
588 1892 624 1921 ut
637 1890 735 1920 libere
751 1888 865 1919 faciant
880 1888 918 1918 de
934 1887 1032 1918 rebus

253 1946 320 1978 suis
341 1945 496 1986 quidquid
516 1944 668 1975 Dominus
694 1942 897 1983 inspiraverit
920 1942 975 1972 eis.
998 1942 1029 1972 Si

254 2003 362 2031 tamen
383 1999 553 2031 consilium
578 1998 772 2038 requiratur,
798 1996 956 2027 licentiam
978 1995 1032 2027 ha-

255 2055 351 2085 beant
364 2053 507 2084 mittendi
528 2061 581 2083 eos
596 2051 636 2082 ad
657 2051 781 2091 aliquos
801 2050 899 2081 Deum
917 2050 1031 2080 timcn-

255 2111 316 2147 tes,
342 2116 483 2148 quorum
502 2106 633 2137 consilio
652 2105 735 2136 bona
755 2114 815 2135 sua
838 2104 1034 2144 pauperibus

256 2165 441 2202 erogentur.
460 2161 570 2192 Postea
585 2160 758 2191 concedant
769 2159 812 2189 eis
826 2167 948 2198 pannos
962 2168 1034 2199 pro—

256 2216 405 2252 bationis,
423 2215 567 2246 videlicet
581 2214 660 2245 duas
674 2213 798 2243 tunicas
811 2212 878 2243 sine
893 2213 1031 2252 caputio,

256 2273 287 2301 et
301 2270 482 2309 cingulum,
499 2271 530 2299 ct
545 2269 666 2305 bracaS,
684 2270 713 2298 et
726 2276 915 2307 caparoncm
931 2276 1034 2307 usque

257 2324 296 2354 ad
310 2322 491 2362 cingulum,
504 2322 565 2351 nisi
582 2321 700 2352 eisdem
717 2321 871 2351 ministris
886 2320 972 2351 aliud
988 2330 1034 2351 se-

258 2377 400 2408 cundum
426 2376 525 2407 Deum
551 2375 720 2414 aliquando
746 2374 902 2405 videatur.
932 2373 1034 2404 Finito

258 2440 334 2462 vcro
355 2439 438 2461 anno
457 2429 664 2470 probationis,
684 2429 878 2468 recipiantur
899 2428 937 2458 ad
957 2428 1034 2458 olne-

258 2484 421 2522 dientiam,
438 2483 656 2524 promittentes
673 2482 769 2512 vitam
788 2482 880 2512 istam
896 2491 1033 2521 semper,

258 2541 288 2569 et
301 2538 451 2577 rcgulam
464 2537 644 2568 observare.
661 2535 698 2566 Et
711 2535 800 2565 nullo
820 2535 913 2566 modo
929 2535 1035 2566 licebit

291 2602 297 2618 ¹
315 2601 400 2630 Dion.,
414 2600 442 2624 (Ie
458 2600 518 2625 Coel.
536 2601 613 2629 Ilien,
631 2606 652 2623 e.
672 2605 706 2629 iv,
722 2600 736 2629 ς’
752 2600 773 2622 3.
785 2612 815 2616 —-
828 2600 836 2614 Ξ
850 2600 920 2629 Gom,
940 2605 1035 2630 xxviii,

260 2639 339 2662 12—
355 2638 363 2651 ³
381 2638 522 2668 t'unt.,1ii,
537 2638 576 2660 10.
590 2649 619 2653 —
635 2636 645 2652 δ
659 2635 760 2665 Manli„
776 2641 830 2665 xix,
847 2636 927 2659 21.-
942 2635 951 2650 ⁵
966 2635 1035 2665 Luc„

261 2679 301 2704 lx,
317 2675 355 2698 62.
367 2685 397 2690 -
412 2673 421 2689 ⁶
436 2672 550 2698 Verbum
565 2672 656 2696 medice
672 2672 712 2695 vel
724 2672 818 2695 intimae
833 2671 926 2701 winus,
942 2678 955 2694 a
971 2678 1034 2695 voce

261 2709 329 2732 Pelia
344 2708 432 2732 similis
445 2708 544 2739 sai-inre,
560 2711 587 2733 ut
602 2708 725 2739 sequitur.

1110 0 1165 32 W
1520 8 1522 10 ,
1683 0 1773 53 ,5

960 195 1168 229 EXPOSITIO

1088 264 1135 296 eis
1148 264 1188 296 de
1201 263 1265 296 ista
1278 263 1443 304 Religione
1460 263 1550 296 exire
1561 265 1659 306 juxta
1675 253 1865 300 mandatum

1089 317 1216 350 Domini
1224 317 1330 359 Papae,
1338 318 1415 359 quia
1421 317 1597 350 secundum
1605 321 1752 351 sanctum
1760 319 1866 353 Evan-

1089 365 1213 412 gelium
1240 373 1272 404 ⁸:
1297 373 1395 405 Nemo
1417 372 1548 406 mittens
1566 381 1698 406 manum
1719 373 1766 406 ad
1785 382 1864 407 ara-

1089 429 1188 464 trum,
1205 429 1236 459 et
1252 427 1414 466 aspiciens
1431 426 1466 466 (c)
1483 429 1580 464 retro,
1597 429 1695 467 aptus
1708 429 1756 461 est
1768 435 1865 469 regno

1087 477 1162 509 Dei.
1186 477 1224 509 Et
1243 477 1290 508 illi
1309 477 1365 518 qui
1385 479 1454 518 jam
1476 479 1694 518 promiserunt
1711 479 1865 511 ohedien-

1086 531 1177 570 tiam,
1191 530 1331 562 habeant
1347 539 1446 563 unam
1465 531 1607 564 tunicam
1625 542 1701 564 cum
1717 533 1863 574 caputio3

1087 589 1120 615 et
1133 584 1229 616 aliam
1245 584 1314 616 sine
1327 585 1466 626 caputio,
1482 585 1539 626 qui
1552 586 1714 618 voluerint
1726 587 1864 628 habel-<33

1088 640 1119 670 et
1132 639 1189 679 qui
1204 639 1393 671 necessitate
1407 641 1586 679 coguntur,
1601 641 1725 681 possint
1738 643 1866 682 portare

1087 693 1312 725 calceamenta.
1337 693 1376 725 Et
1397 693 1510 726 fratres
1533 704 1646 727 omnes
1668 695 1867 728 vestimentis

1087 747 1207 779 vilibus
1228 747 1417 786 induantur,
1438 749 1469 780 et
1488 748 1612 789 possint
1628 758 1666 781 ea
1682 749 1840 790 repetiare
1856 749 1867 766 ‘

1087 800 1126 832 de
1147 801 1260 840 saccis,
1284 804 1316 833 et
1341 801 1410 833 aliis
1434 802 1526 842 petiis
1547 812 1622 834 cum
1650 803 1867 835 benedictione

1086 853 1152 886 Dei.
1172 854 1257 892 Quos
1270 864 1397 894 moneo,
1412 857 1443 887 et
1457 855 1609 887 exhortor
1624 865 1664 887 ne
1680 856 1864 897 despiciant,

1086 917 1190 949 neque
1200 909 1348 950 judicent
1361 910 1508 942 homines
1522 919 1603 950 quos
1622 910 1761 942 viderint
1784 910 1864 941 mol-

1085 962 1170 994 libus
1184 964 1383 995 vestimentis
1398 965 1429 994 et
1441 964 1590 995 coloratis
1602 964 1742 1002 indutos,
1757 965 1806 995 uti
1819 964 1867 995 ci-

1085 1017 1137 1048 bis
1151 1019 1181 1048 et
1194 1016 1322 1057 potibus
1337 1016 1491 1055 delicatis3
1507 1017 1560 1048 sed
1573 1017 1679 1056 magis
1693 1017 1868 1057 unusquis-

1085 1079 1147 1111 que
1159 1070 1280 1110 judicet
1294 1072 1326 1102 et
1339 1070 1491 1111 despiciat
1503 1070 1722 1111 semetipsum.

1367 1166 1588 1194 EXPOSITIO.

1127 1236 1169 1268 Sc·
1198 1236 1257 1275 qui
1285 1235 1443 1268 voluerint
1467 1235 1548 1267 hanc
1583 1234 1685 1267 vitam
1708 1236 1865 1276 accipere.

1087 1289 1201 1321 Stratis
1222 1289 1323 1329 hujus
1350 1289 1476 1320 aedificii
1508 1289 1742 1327 fundamentis,
1770 1290 1867 1321 restat

1088 1343 1254 1384 providere
1273 1343 1312 1374 de
1331 1342 1563 1374 habitatoribus
1581 1342 1729 1382 civitatis,
1751 1345 1788 1374 ut
1802 1343 1866 1375 sci-

1086 1397 1159 1428 licet
1182 1397 1378 1438 recipiantur
1401 1397 1440 1428 ad
1463 1397 1609 1428 ordinem
1637 1397 1802 1429 venientes
1827 1397 1875 1432 ad,

1088 1452 1265 1490 Orientem,
1288 1452 1369 1483 lucis
1393 1451 1498 1482 radios
1522 1451 1713 1492 suscepturi.
1737 1450 1776 1482 Et
1797 1451 1868 1483 haec

1088 1515 1160 1546 pars
1175 1508 1314 1546 quatuor
1328 1506 1422 1537 babet
1439 1517 1445 1537 :
1469 1506 1575 1546 primo
1594 1505 1703 1545 agitur
1723 1505 1762 1536 de
1780 1505 1868 1545 ipso-

1088 1569 1162 1590 rum
1189 1560 1385 1600 receptione3
1412 1559 1566 1598 secundo,
1594 1559 1633 1590 de
1662 1559 1866 1600 probatione,

1088 1614 1155 1645 ibi:
1180 1614 1291 1647 Postea
1307 1613 1500 1652 concedmm
1523 1613 1626 1652 tertio,
1651 1613 1690 1644 de
1709 1613 1866 1653 recipien-

1088 1669 1203 1699 dorum
1229 1669 1430 1708 profectione,
1457 1667 1499 1698 ihi
1518 1676 1525 1698 :
1547 1667 1656 1700 Finito
1671 1675 1744 1699 vero
1759 1675 1866 1706 amw3

1089 1725 1214 1762 quarto,
1237 1723 1275 1753 de
1296 1723 1511 1762 professorum
1535 1722 1569 1752 iu
1590 1721 1679 1752 victu
1700 1723 1732 1752 et
1751 1721 1869 1752 vestitu

1089 1777 1311 1817 descriptione,
1334 1777 1376 1807 ibi
1395 1786 1402 1807 :
1426 1776 1465 1808 Et
1484 1776 1536 1808 illc
1556 1776 1614 1816 qui
1627 1775 1710 1815 jam.
1735 1775 1773 1806 Et
1793 1775 1870 1816 quia

1090 1831 1173 1862 circa
1194 1831 1406 1872 receptionem
1431 1831 1492 1862 tria
1515 1831 1729 1868 concurrunt,
1752 1829 1870 1860 scilicet

1090 1886 1272 1926 recipientis
1292 1885 1479 1922 auctoritas,
1504 1884 1675 1924 recipiendi
1698 1883 1868 1921 idoneitas,

1091 1939 1257 1970 humilitas
1288 1941 1319 1969 et
1351 1938 1517 1978 religionis
1545 1937 1700 1978 requisita
1730 1938 1869 1978 puritas,

1087 1995 1181 2034 juxta
1205 1994 1291 2034 quod
1315 2002 1410 2024 omne
1436 1992 1670 2023 hierarchicum
1699 1991 1869 2031 negotium

1091 2049 1245 2079 dividitur
1262 2049 1294 2079 in
1309 2048 1438 2085 sanctis,
1456 2046 1610 2087 perfectis,
1635 2048 1667 2077 et
1680 2046 1870 2087 perfectiori-

1091 2103 1165 2140 bus,
1177 2103 1352 2133 secundum
1370 2101 1572 2142 Dionysiuni;
1590 2100 1694 2141 primo
1708 2100 1819 2140 agitur
1831 2100 1870 2131 de

1092 2156 1321 2196 pcrtinentibus
1340 2156 1380 2186 ad
1396 2155 1616 2195 recipientem3
1641 2153 1779 2185 secundo
1799 2154 1868 2194 agi-

1093 2214 1146 2242 tur
1160 2211 1198 2242 ile
1220 2210 1452 2251 pertinentibus
1468 2210 1507 2240 ad
1523 2209 1694 2249 recipiendi
1717 2208 1871 2240 idoneita-

1093 2268 1167 2303 tem,
1185 2265 1226 2295 ibi
1241 2275 1248 2295 :
1267 2265 1305 2297 Ec
1318 2266 1348 2296 εἰ·
1364 2265 1428 2296 ltoec
1445 2265 1570 2302 omnim
1594 2263 1700 2300 tertio,
1722 2263 1761 2294 de
1775 2262 1871 2303 perti-

1094 2319 1245 2349 uentibus
1253 2319 1291 2349 ad
1303 2318 1465 2358 religionis
1476 2318 1658 2358 puritatem,
1673 2316 1735 2347 ibi:
1750 2317 1871 2348 Dicant

1094 2372 1172 2404 illis.
1188 2372 1273 2403 Circa
1288 2374 1466 2412 receptores
1479 2372 1544 2403 duo
1555 2372 1671 2411 tangit,
1687 2373 1781 2412 Juxta
1791 2371 1870 2402 duas

1094 2426 1241 2456 Ecclesia}
1263 2426 1378 2464 claves,
1399 2427 1494 2465 juxta
1518 2425 1603 2465 quod
1629 2426 1663 2456 in
1690 2424 1871 2456 hierarchia

1093 2482 1139 2511 est
1155 2480 1232 2511 ordo
1245 2482 1275 2510 et
1289 2479 1430 2518 scicntia,
1445 2489 1485 2510 ex
1496 2479 1614 2519 quihus
1623 2479 1766 2519 sequitur
1775 2477 1868 2509 actio.

1093 2534 1210 2573 'l'angit
1226 2534 1342 2574 primo,
1357 2534 1439 2565 circa
1454 2536 1642 2574 receptores,
1659 2532 1782 2563 clavem
1794 2541 1870 2563 auc-

1093 2587 1239 2626 tornatis,
1255 2590 1287 2619 et
1298 2588 1444 2619 ordinem
1457 2587 1635 2629 potestatis3
1651 2585 1790 2617 secundo
1800 2595 1871 2626 per-

1126 2671 1161 2701 (η)
1177 2671 1252 2694 Forte
1269 2670 1317 2701 leq.
1333 2670 1454 2696 habeant.
1469 2683 1499 2689 -
1518 2669 1553 2701 (b)
1570 2669 1630 2694 Caet.
1646 2669 1707 2693 edit.
1728 2670 1754 2694 et
1766 2667 1826 2699 jam.
1840 2681 1870 2687 —

1095 2707 1124 2737 (c)
1142 2706 1216 2737 Vulg.
1234 2707 1373 2737 respt'ci'enr.
