2029 3052
252 208 310 251 338
811 209 996 243 LEGENDA
1021 208 1054 240 s.

250 285 370 324 teritae,
399 282 563 323 crucisque
596 280 769 313 Dominicae
794 278 1027 319 bajulationem

251 339 449 376 continuam,
466 335 630 367 imbecillis
640 336 709 375 jam
725 334 806 365 esset
821 340 963 372 corpore,
976 339 1030 361 nc-

252 400 414 433 quaquam
430 391 477 421 est
491 389 630 428 territus,
648 388 703 419 scd
721 387 760 418 ad
774 384 922 426 martyrii
936 383 1029 415 susti-

252 445 395 477 nentiam
420 442 604 483 vigorosius
638 441 809 472 animatus.
836 439 1030 470 Excreverat

253 499 382 540 quidem
392 498 427 527 in
442 505 479 527 eo
489 493 705 535 insuperabile
715 492 834 524 amoris
843 490 1028 523 incendium

252 551 329 583 boni
342 551 417 582 Jesu
429 549 463 580 in
477 548 639 589 lampades
658 547 742 586 ignis
765 547 862 586 atque
880 545 1029 575 flamma-

252 615 337 642 rum,
353 606 389 635 ut
411 611 504 643 aquae
524 602 636 633 multae
654 600 840 632 charitatem
866 600 939 639 ejus
961 599 1028 628 tam

253 658 391 690 validam
402 657 592 696 extinguere
607 656 616 672 ²
631 664 696 686 non
711 653 866 685 valerent.
879 651 958 682 Cum
969 650 1029 690 igi-

252 715 307 744 tur
314 709 622 752 seraphicisdesideri
627 717 719 740 orum
725 707 893 738 ardoribus
899 713 1028 736 sursum

253 768 403 807 ageretur
418 765 452 796 in
468 764 580 801 Deum,
601 764 632 794 et
648 761 849 802 compassiva
863 759 1029 791 dulcedine

252 820 286 851 in
310 829 385 852 enm
406 818 702 852 transformaretur,
731 814 787 855 qui
810 823 850 845 ex
873 813 1028 844 charitate

252 874 352 905 nimia
374 871 476 903 voluit
492 870 648 909 crucifigi,
671 869 810 910 quodam
831 876 925 898 mane
944 856 1046 898 circa⁴

251 927 367 958 festum
381 923 589 956 Exaltationis
601 925 717 953 sanctae
731 922 850 959 Crucis,
867 921 943 951 dum
960 929 1029 951 ora-

251 983 300 1012 ret
314 980 349 1010 in
364 979 460 1010 latere
474 977 603 1016 montis,
626 976 706 1008 vidit
721 975 833 1015 seraph
850 984 954 1005 unum
972 983 1028 1004 sex

251 1035 317 1065 alas
336 1034 507 1064 habentem
531 1033 596 1062 tam
618 1030 746 1070 ignitas,
769 1038 867 1069 quam
889 1027 1026 1067 splendi-

251 1089 326 1125 daS‚
353 1087 391 1118 de
419 1086 573 1117 coelorum
605 1083 797 1115 sublimitate
827 1081 1026 1112 descendere.

252 1141 395 1181 Cumque
410 1139 519 1171 volatu
534 1137 700 1168 celerrimo
715 1135 911 1176 pervenisset
926 1134 963 1164 ad
979 1143 1029 1165 ae-

252 1195 296 1226 ris
317 1195 422 1225 locum
446 1193 518 1224 viro
542 1191 592 1222 Dei
616 1190 834 1231 propinquum
848 1213 855 1226 ,
881 1187 1029 1228 apparuit

252 1250 334 1280 inter
350 1248 414 1279 alas
429 1247 552 1286 efligies
574 1244 714 1276 hominis
737 1242 881 1273 crucifixi
905 1242 937 1271 in
960 1251 1027 1272 mo-

252 1303 328 1333 dum
345 1301 446 1332 crucis
461 1308 575 1330 manus
590 1301 616 1327 οἱ
635 1298 729 1337 pedes
744 1300 891 1326 extensos
907 1295 1028 1325 baben-

252 1356 302 1394 tis,
331 1358 361 1385 et
384 1354 469 1385 cruci
491 1354 614 1384 affixos.
641 1351 715 1381 1³11ae
738 1350 796 1380 alce
819 1358 914 1388 super
934 1350 1029 1387 caput

252 1410 352 1450 ipsius
367 1408 585 1443 elevabantur,
601 1406 673 1435 duae
687 1404 724 1435 ad
737 1403 910 1434 volandum
922 1404 1029 1433 exton-

251 1464 418 1500 dcbantur,
437 1462 510 1492 duae
526 1469 602 1491 vero
618 1461 721 1489 totum
737 1457 885 1488 velabant
902 1465 1027 1496 corpus.

252 1517 318 1548 Hoc
334 1516 445 1547 videns
461 1514 669 1545 vehementer
682 1511 858 1550 obstupuit,
877 1510 1029 1540 mixtum-

252 1580 316 1611 que
347 1578 482 1600 moerore
512 1567 667 1605 gaudium
699 1574 752 1595 cor
781 1565 851 1603 ejus
882 1563 1027 1593 incurrit.

253 1624 435 1656 Laetabalur
453 1621 582 1662 quidem
602 1620 634 1650 iu
657 1618 796 1658 gratioso
812 1619 952 1657 aspin-tu,
967 1626 1030 1656 quo

254 1688 272 1709 a
287 1677 410 1709 Christo
421 1676 480 1706 sub
495 1675 597 1714 specie
611 1672 726 1711 seraph
740 1672 889 1701 cernebat
904 1680 936 1699 sc
953 1679 1027 1700 con-

253 1731 346 1771 spici3
368 1730 421 1760 sed
445 1728 548 1759 crucis
566 1727 675 1757 affixio
700 1724 889 1764 compassivi
913 1724 1031 1753 doloris

254 1785 361 1823 gladio
374 1782 472 1823 ipsius
485 1781 625 1811 animam
640 1778 861 1819 pertransibat.
880 1777 1030 1807 Admira-

253 1839 347 1869 batur
371 1834 644 1876 quamplurimum
672 1833 705 1862 in
729 1835 793 1862 tam
820 1831 1031 1861 inscrutabilis

254 1891 386 1922 visionis
402 1891 541 1929 aspectu,
560 1888 660 1917 sciens
676 1885 759 1925 quod
774 1884 929 1925 passionis
944 1884 1031 1914 intir-

254 1946 347 1976 mitas
366 1952 439 1973 cum
462 1940 700 1971 immrwtalitatc
723 1938 852 1978 spiritus
874 1937 1030 1976 seraphici

255 1998 436 2028 nullatenus
451 1994 644 2025 conveniret.
671 1991 825 2022 intellexit
848 1991 974 2021 tandem
991 2000 1030 2021 cx

256 2052 325 2088 lior,
352 2049 485 2080 Domino
510 2047 686 2083 revelante,
711 2045 796 2084 quod
822 2044 891 2074 ideo
917 2044 1029 2083 hujus-

255 2104 341 2135 modi
357 2103 436 2133 visio
456 2102 499 2131 sic
514 2101 621 2131 divina
636 2098 834 2139 providentia
850 2097 915 2127 suis
931 2098 1031 2127 suerat

256 2159 444 2198 praesentata
459 2154 690 2194 conspectibus,
714 2154 749 2182 ut
771 2152 893 2181 amicus
916 2151 1031 2181 Christi

255 2212 465 2252 przeuoscvrvt
480 2219 511 2237 so
532 2217 596 2238 non
623 2215 678 2246 per
702 2204 892 2244 martyrium
915 2205 1029 2241 carnis,

255 2265 307 2295 sed
324 2273 379 2304 per
395 2262 577 2292 incendium
602 2259 716 2289 mentis
736 2260 838 2288 totum
864 2258 894 2287 in
919 2258 1030 2288 Christi

254 2316 399 2349 crucifixi
440 2313 680 2345 similitudinem
724 2311 1029 2342 transsormaudum.

257 2373 421 2411 Disparcus
445 2368 546 2407 igitur
573 2366 653 2396 visio
678 2364 854 2394 mirabilem
880 2365 913 2394 iu
938 2365 1031 2395 corde

254 2426 354 2466 ipsius
368 2423 425 2454 reli
440 2422 496 2462 luit
511 2420 669 2454 ardorem,
689 2418 741 2448 sed
758 2420 788 2447 vt
809 2418 839 2447 iu
856 2427 950 2448 earne
966 2427 1029 2448 nou

254 2480 361 2509 miuus
381 2475 562 2507 mirabilem
586 2473 753 2511 signorum
778 2471 935 2510 impressit
960 2472 1028 2501 esti-

254 2533 351 2572 giem.
377 2530 488 2561 Statim
513 2535 652 2565 namque
679 2525 711 2554 iu
736 2524 884 2554 manibus
910 2526 979 2563 ejus
1001 2527 1031 2555 et

253 2586 386 2627 pedibus
401 2591 553 2624 apparere
570 2579 734 2619 cipporum
745 2577 837 2615 sigua
851 2577 1027 2614 clavorum,

253 2637 522 2680 quemadmodum
538 2633 634 2674 paulo
645 2634 718 2662 ante
732 2631 765 2660 iu
781 2630 888 2667 effigie
901 2630 953 2660 illa
968 2631 1028 2661 viri

284 2704 290 2718 ¹
310 2701 393 2727 Cant„
414 2704 470 2728 vin,
487 2700 510 2721 7.
523 2711 552 2715 -
566 2697 575 2712 Ξ
592 2697 652 2724 1.ςιι,,
668 2699 738 2722 xx1v,
756 2693 793 2716 lG.

1080 208 1298 242 FRANGISCI.

1084 277 1230 308 crucifixi
1244 277 1465 317 conspexerat.
1486 276 1601 308 Manus
1615 268 1702 309 enim
1722 275 1754 310 et
1764 279 1860 320 pedes

1083 330 1119 361 in
1139 330 1208 371 ipso
1232 331 1337 362 medio
1367 331 1466 362 clavis
1494 331 1630 362 confixae
1656 331 1859 373 videbantur,

1084 383 1250 416 clavorum
1273 384 1429 425 capitibus
1451 384 1486 415 in
1511 384 1656 416 interiori
1674 387 1765 426 parte
1791 395 1861 418 ma-

1085 447 1188 469 nuum
1211 441 1242 470 et
1263 439 1419 479 superiori
1434 439 1553 480 pedum
1572 439 1809 479 apparentibus,
1830 441 1863 471 et

1084 500 1198 522 eorum
1213 491 1415 523 acuminibus
1429 491 1641 523 existentibus
1654 501 1695 523 ex
1713 493 1858 525 adverso.

1086 543 1249 585 Erantque
1263 544 1428 577 clavorum
1443 545 1546 586 capita
1555 545 1589 576 in
1603 546 1753 577 manibus
1766 548 1797 578 et
1809 556 1862 587 pe-

1085 598 1180 629 dibus
1198 599 1335 630 rotunda
1350 601 1381 630 et
1394 599 1502 639 nigra,
1525 599 1594 640 ipsa
1613 608 1692 631 vero
1713 599 1862 631 acumina

1084 651 1235 692 oblonga,
1251 654 1380 691 retorta,
1400 654 1432 684 et
1455 652 1547 693 quasi
1568 661 1764 694 repercussa,
1787 662 1862 694 quae

1085 706 1124 737 de
1149 706 1218 747 ipsa
1240 716 1336 738 carne
1357 707 1525 746 surgentia
1551 708 1680 739 carnem
1703 708 1862 749 reliquam

1085 760 1291 791 excedebant.
1318 762 1474 791 Dextrum
1495 769 1624 801 quoque
1646 761 1747 800 latus,
1771 761 1862 802 quasi

1083 813 1193 844 lancea
1205 814 1408 852 transfixum,
1421 814 1521 845 rubra
1533 814 1676 846 cicatrice
1688 814 1862 846 obductum
1906 805 1917 812 ”

1085 869 1163 905 erat,
1181 867 1266 907 quod
1285 875 1370 908 saepe
1391 867 1586 907 sanguinem
1609 877 1736 899 sacrum
1755 868 1861 900 effun-

1084 919 1180 957 dens,
1208 919 1352 950 tunicam
1382 921 1414 950 et
1445 919 1610 950 femoralia
1640 919 1861 959 respergebat.

1085 971 1224 1003 Cernens
1234 973 1341 1002 autem
1354 971 1467 1002 Christi
1479 980 1604 1008 servus,
1615 971 1702 1011 quod
1711 971 1864 1011 stigmata

1086 1025 1173 1056 carni
1189 1027 1255 1055 tam
1271 1024 1448 1056 luculenter
1469 1024 1624 1064 impressa
1647 1024 1748 1056 socios
1769 1024 1863 1056 sami-

1085 1078 1178 1109 liares
1194 1077 1290 1108 latere
1311 1087 1375 1109 non
1399 1080 1539 1118 possent,
1556 1077 1672 1108 timens
1693 1077 1864 1109 nihilomi-

1086 1141 1148 1163 nus
1165 1131 1325 1171 publicare
1341 1131 1465 1162 Domini
1481 1133 1729 1170 sacramentum,
1746 1131 1780 1162 in
1799 1140 1865 1162 ma-

1086 1194 1153 1225 gno
1169 1185 1289 1225 positus
1305 1185 1364 1216 fuit
1383 1185 1590 1216 dubitationis
1612 1194 1726 1225 agone,
1752 1187 1864 1216 utrum

1086 1239 1241 1276 videlicet,
1258 1239 1342 1279 quod
1366 1239 1500 1278 viderat,
1517 1240 1645 1277 diceret,
1667 1239 1719 1270 vel
1733 1241 1862 1270 taceret.

1087 1292 1217 1323 Vos-avit
1232 1292 1363 1332 proinde
1378 1292 1502 1332 aliquos
1524 1301 1564 1323 ex
1578 1292 1742 1331 fratribus,
1758 1294 1789 1323 et
1805 1301 1862 1332 ge-

1086 1347 1249 1377 neralibus
1264 1346 1370 1377 verbis
1385 1346 1529 1386 loquens,
1546 1346 1682 1377 dubium
1698 1355 1805 1377 coram
1819 1346 1865 1377 eis

1087 1400 1262 1441 proposuit,
1287 1403 1317 1431 ct
1333 1400 1501 1431 consilium
1525 1400 1702 1442 requisivit.
1729 1400 1865 1438 Quidam

1087 1464 1164 1485 vero
1179 1464 1219 1485 ex
1236 1455 1397 1493 fratribus,
1417 1455 1522 1494 gratia
1539 1454 1748 1492 illuminatus,
1764 1456 1795 1484 et
1808 1462 1865 1485 uo-

1088 1509 1173 1539 mine
1199 1507 1380 1547 intelligens
1405 1508 1489 1548 quod
1514 1507 1621 1547 aliqua
1647 1506 1791 1538 miranda
1815 1506 1866 1537 vi-

1087 1562 1200 1599 disset,
1233 1570 1290 1601 pro
1314 1571 1350 1592 co
1382 1561 1468 1601 quod
1499 1561 1668 1591 videbatur
1691 1560 1866 1592 admodum

1088 1616 1293 1654 stupefactus,
1311 1615 1390 1645 dixit
1408 1614 1446 1645 ad
1462 1615 1570 1645 virum
1592 1616 1737 1645 sanctum
1759 1624 1765 1644 z
1793 1613 1867 1644 Fra-

1089 1671 1147 1706 ter,
1166 1678 1228 1698 nou
1240 1668 1342 1699 solum
1357 1670 1486 1707 propter
1500 1670 1542 1704 te,
1559 1667 1612 1698 sed
1628 1667 1724 1698 etiam
1737 1670 1867 1707 propter

1088 1722 1177 1759 alios,
1190 1722 1270 1752 scias
1281 1722 1336 1752 tibi
1348 1721 1470 1752 ostendi
1483 1720 1657 1760 aliquando
1667 1722 1866 1751 sacramenta

1089 1775 1206 1806 divina.
1233 1775 1424 1806 Timendum
1449 1776 1617 1814 propterea
1633 1774 1708 1813 jure
1726 1774 1865 1811 videtur,

1089 1838 1129 1859 ne
1149 1830 1185 1866 si,
1211 1831 1295 1869 quod
1321 1828 1465 1868 pluribus
1481 1828 1689 1868 profuturum
1705 1826 1864 1867 accepisti,

1090 1883 1252 1921 celaveris,
1276 1891 1333 1922 pro
1348 1882 1466 1912 talento
1487 1881 1670 1912 abscondito
1693 1880 1865 1921 reprehen-

1090 1938 1192 1968 sibilis
1212 1937 1377 1976 jiuliceris.
1406 1936 1454 1966 Ad
1480 1937 1573 1975 quus
1600 1936 1736 1966 verbum
1761 1937 1868 1965 motus

1090 1991 1140 2021 vir
1155 1996 1292 2028 sauctus,
1310 1990 1380 2020 licet
1403 1989 1480 2020 alias
1503 1989 1605 2020 dicere
1627 1988 1739 2019 solitus
1760 1990 1862 2019 esset:

1091 2044 1249 2076 Secrecnm
1276 2052 1377 2075 meum
1406 2043 1487 2075 mihi
1510 2043 1541 2081 ³,·
1562 2045 1638 2073 tunc
1660 2044 1767 2073 tamen
1791 2050 1865 2072 cum

1091 2098 1191 2128 multo
1216 2098 1330 2128 timore
1358 2097 1473 2127 seriem
1502 2096 1610 2127 retulit
1633 2095 1765 2127 visionis
1786 2103 1866 2135 prae-

1090 2153 1172 2189 satae,
1197 2151 1315 2181 addens
1331 2150 1415 2190 quod
1440 2151 1477 2188 is,
1501 2150 1556 2190 qui
1572 2149 1630 2180 sibi
1652 2151 1864 2189 apparuerat,

1090 2205 1195 2244 aliqua
1207 2204 1334 2241 dixerit,
1351 2212 1423 2243 quse
1438 2212 1616 2243 nunquam,
1633 2203 1711 2233 dum
1729 2202 1863 2240 viveret,

1089 2258 1184 2288 alicui
1204 2258 1375 2287 hominum
1398 2257 1544 2296 aperiret.
1570 2256 1767 2287 Credendum
1791 2263 1866 2286 sane
1887 2261 1889 2263 ’

1090 2314 1155 2341 tam
1170 2320 1285 2341 arcana
1301 2310 1353 2340 illa
1378 2309 1473 2340 fuisse
1495 2309 1573 2339 sacri
1597 2309 1683 2339 illius
1703 2307 1866 2348 seraphin

1089 2373 1182 2395 cruce
1210 2363 1396 2394 mirabiliter
1419 2362 1599 2402 apparentis
1622 2361 1759 2401 eloquia,
1781 2360 1866 2400 quod

1090 2420 1168 2448 forte
1184 2427 1247 2447 nou
1268 2417 1376 2447 liceret
1391 2416 1577 2447 hominibus
1599 2425 1636 2446 ea
1656 2415 1752 2455 loqui.
1775 2413 1863 2444 Post-

1090 2480 1185 2511 quam
1206 2470 1305 2509 igitur
1320 2479 1416 2501 verus
1432 2469 1545 2500 Christi
1561 2477 1651 2499 amor
1671 2469 1704 2498 iu
1719 2467 1865 2498 camdem

1090 2524 1265 2563 imaginem
1282 2523 1519 2554 transformavit
1542 2524 1713 2560 amantem,
1730 2521 1866 2561 quadra-

1089 2578 1180 2617 ginta
1195 2577 1319 2607 dierum
1334 2585 1480 2614 numero,
1493 2577 1587 2615 juxta
1609 2575 1693 2615 quod
1713 2575 1865 2606 decreve-

1089 2633 1158 2667 rat,
1188 2630 1220 2660 iu
1247 2630 1415 2660 solitudine
1438 2631 1679 2666 consummato,
1709 2637 1864 2669 superve-

1089 2684 1195 2713 niente
1218 2691 1347 2722 quoque
1369 2681 1569 2712 solemnitate
1597 2681 1781 2721 archangeli
1803 2681 1863 2712 Mi-
