2029 3052
259 267 316 297 386

255 341 292 363 ra
315 333 476 364 manualia
497 342 564 379 non
586 335 754 372 tenentur,
780 333 832 365 vel
854 335 1032 374 coguntur,

255 395 314 417 nec
328 386 367 417 ad
387 386 599 427 quaereudum
623 386 745 418 victum
765 387 943 428 proprium.
961 398 975 417 »
995 386 1034 418 Et

255 439 411 471 rationem
426 442 535 480 postea
553 440 656 472 reddit
675 440 818 480 inferius,
836 441 912 481 quia
933 452 948 471 α
962 441 1008 471 illi
1023 465 1031 478 ,

255 494 310 533 qui
323 503 478 534 pauperes
492 495 763 533 sustentaverunt,
775 495 812 526 de
822 494 1034 536 eleemosynis

255 556 434 587 pauperum
451 548 621 578 sustentari
642 548 770 586 debent,
794 550 826 580 et
852 551 996 589 possunt.
1013 560 1028 577 n

253 601 306 632 Ait
317 601 402 632 enim
416 601 479 632 sic1
493 612 500 632 :
517 613 531 631 α
542 600 693 634 Omnium
702 602 955 634 Christianorum
966 611 1032 633 una

253 653 433 694 respublica
454 656 512 694 est,
536 657 567 686 et
587 655 658 687 ideo
680 655 824 696 quisquis
845 656 1032 687 Christianis

252 707 388 739 ubilibet
402 708 579 739 necessaria
593 709 789 749 erogaverit,
807 709 1034 749 undecumque

252 761 349 793 etiam
365 761 432 802 ipse
444 762 529 802 quod
541 762 601 792 sibi
614 762 831 793 necessarium
846 765 893 794 est
908 763 1034 803 accipit,

252 815 290 847 de
307 815 421 846 Christi
435 815 526 846 bonis
540 815 653 856 accipit
668 826 675 845 ε
693 816 769 856 quia
782 817 813 847 et
836 816 1033 857 ubicumque

251 869 259 900 i
264 879 318 910 pse
331 869 447 900 talibus
454 869 551 907 dedit,
563 869 635 909 quis
643 869 704 899 nisi
716 868 859 900 Christus
867 870 1007 910 accepit?
1015 882 1029 899 »

252 923 283 954 Si
301 932 390 963 ergo,
407 922 584 954 secundum
599 922 815 961 Ambrosium,
835 925 958 964 majora
976 924 1034 956 bo-

251 987 292 1008 na
308 979 437 1017 propter
449 977 574 1007 minora
587 985 651 1007 nou
663 978 739 1007 sunt
749 978 1031 1017 praetermittenda,

251 1034 282 1062 et
308 1030 485 1062 secundum
516 1030 769 1070 Hieronymum,
807 1032 930 1071 majora
958 1034 1034 1063 sunt

252 1084 337 1115 bona
364 1083 597 1124 praedicationis
620 1086 652 1115 et
676 1084 913 1124 instructionis,
936 1095 1034 1126 quam

253 1138 412 1169 manualis
433 1137 645 1178 operationis,
670 1139 700 1168 et
721 1138 898 1169 secundum
915 1139 1035 1179 Augu-

253 1192 386 1231 stiuum,
405 1192 445 1223 ad
458 1191 645 1231 hujusmodi
661 1200 758 1229 opera
769 1201 834 1223 non
849 1193 1033 1233 astringun-

255 1249 318 1286 tur,
335 1246 391 1287 qui
409 1246 540 1276 fuerunt
561 1245 675 1276 divites
699 1245 840 1277 delicati:
869 1247 1034 1280 manifeste

254 1302 395 1341 apparet,
411 1299 496 1340 quod
516 1299 629 1330 intenti
652 1299 880 1339 praedicationi,
904 1303 935 1332 et
955 1311 1031 1343 ope-

254 1356 343 1386 ribus
355 1353 581 1385 misericordiae
595 1353 781 1393 spiritualis,
795 1354 834 1384 ad
846 1354 1035 1395 huiusmodi

254 1418 351 1450 opera
366 1418 430 1439 non
447 1410 522 1439 sunt
536 1408 665 1446 astricti,
683 1408 736 1439 sed
754 1408 881 1446 debent,
905 1411 936 1440 et
960 1420 1035 1451 pos-

255 1467 329 1494 sunt
343 1463 380 1494 de
396 1463 607 1504 eleemosynis
631 1464 814 1495 sustentari.
841 1464 878 1494 Et
894 1465 954 1495 hoc
975 1467 1033 1503 est,

255 1517 339 1557 qtiod
354 1517 554 1558 Augustinus
577 1518 611 1548 in
631 1519 743 1550 codem
766 1518 848 1549 libro
869 1521 942 1550 ante
966 1519 1035 1550 haee

255 1572 354 1603 verba
378 1572 543 1612 praemittit
567 1573 589 1611 ²,
614 1573 698 1613 quod
726 1585 740 1602 «
766 1573 953 1613 huiusmodi
978 1583 1035 1613 po-

255 1629 398 1658 testatem
430 1628 569 1667 habcnt,
605 1629 629 1659 si
658 1629 867 1667 evangelista}
892 1633 965 1658 sunt
983 1651 991 1665 ‚
1009 1627 1034 1657 si

256 1681 392 1711 ministri
408 1681 527 1720 altaris,
558 1682 584 1712 si
600 1682 833 1722 dispensatores
850 1690 1036 1712 sacramen—

257 1737 375 1766 torum.
399 1746 413 1763 »
433 1736 465 1766 Si
489 1736 575 1766 enim
600 1736 777 1776 corporalia
794 1745 890 1776 opera
913 1735 1034 1766 sacien-

256 1788 307 1826 do,
335 1791 476 1819 meretur
498 1790 571 1830 quis
593 1799 690 1821 suum
721 1791 1033 1827 sustentamentum,

256 1842 357 1873 multo
376 1843 488 1874 fortius
511 1843 690 1883 spiritualia
711 1852 808 1884 opera
828 1843 1034 1883 imponendo,

256 1906 330 1936 qua}
360 1897 576 1937 corporalibus
607 1898 757 1938 operibus
786 1898 901 1928 merito
917 1898 1032 1938 praefe-

257 1953 384 1982 runtur.
400 1950 510 1982 Fateor
522 1952 633 1990 igitur,
648 1952 733 1991 quod
747 1961 862 1983 verum
875 1953 932 1990 est,
949 1950 1036 1991 quod

257 2005 282 2034 si
299 2005 371 2045 quis
386 2006 463 2036 adeo
478 2008 560 2036 esset
584 2008 696 2045 potens
715 2008 746 2036 et
766 2005 896 2045 spiritu,
915 2008 946 2035 et
960 2014 1033 2036 car-

259 2068 315 2096 ue,
338 2059 423 2098 quod
440 2061 543 2099 posset
567 2059 772 2099 corporaliter
784 2060 919 2099 operari,
938 2062 968 2090 et
985 2059 1036 2090 ni—

258 2112 433 2143 hilominus
462 2122 519 2152 pro
549 2113 617 2143 loco
639 2115 669 2144 et
694 2116 837 2153 tempore
860 2113 1036 2153 spirituali<

258 2167 318 2197 bus
337 2176 449 2198 vacare
471 2167 647 2205 exercitiis,
676 2169 706 2197 et
731 2167 950 2198 ecclesiastiae
976 2167 1037 2198 uti-

258 2221 350 2259 litati,
372 2222 456 2261 quod
482 2221 608 2260 agendo
635 2221 804 2261 perfectius
825 2222 950 2252 faceret.
975 2221 1037 2253 Sed

259 2275 330 2315 quis
346 2275 385 2305 ad
394 2275 453 2305 hoc-
466 2275 557 2314 plene
568 2274 711 2313 idoneus,
727 2284 800 2305 cum
816 2275 917 2306 multo
929 2275 1037 2306 labore

259 2329 410 2359 sudatum
425 2328 474 2366 sit,
493 2330 528 2358 111
543 2328 658 2359 veritas
673 2331 900 2367 cognoscatur,
925 2332 960 2359 ut
983 2339 1036 2370 0οῑ

261 2382 351 2421 gnita
374 2382 536 2420 diligatur,
562 2384 592 2412 et
611 2370 752 2421 cognita,
770 2386 799 2412 et
824 2382 947 2421 dilecta,
968 2383 1037 2414 aliis

259 2436 481 2476 proponatur?
511 2435 558 2465 Ad
582 2435 642 2465 hoc
669 2436 756 2466 enim
787 2436 963 2467 necessaria
991 2439 1038 2467 est

259 2489 451 2520 continuitas
476 2488 631 2526 1001101115,
657 2491 687 2518 et
708 2489 870 2528 orationis,
888 2492 918 2520 et
934 2491 1035 2521 medi-

260 2543 398 2581 tationis,
416 2543 534 2583 quibus
559 2543 615 2583 qui
630 2542 700 2573 vult
715 2543 845 2574 sollicite
861 2544 1035 2583 intendere,

260 2606 374 2637 parum
392 2599 493 2637 potest
516 2596 663 2636 occupari
680 2596 762 2627 circa
783 2598 977 2637 corporalem
993 2598 1036 2628 la-

260 2652 382 2682 borem.
401 2651 592 2682 Laudandus
615 2652 660 2681 est
684 2650 786 2689 igitur
807 2653 837 2681 et
852 2651 1036 2683 suadendus

294 2730 299 2745 ¹
317 2730 391 2758 Auia,
407 2728 438 2751 de
454 2728 530 2758 Opere
546 2726 670 2757 Monaesi„
688 2732 748 2756 xxv,
766 2727 804 2749 33.
819 2739 850 2743 —
864 2727 873 2743 ²
890 2728 964 2754 ibid„
982 2735 1034 2759 xxi,

260 2766 297 2787 2⁷1.
314 2777 343 2781 —
360 2764 367 2777 ³
380 2764 521 2794 Clu-ysost.,
541 2764 567 2786 z'n
583 2763 682 2789 Mami„
704 2762 774 2786 hom.
791 2767 832 2793 xc,
847 2762 878 2786 ai.
900 2769 955 2794 xci,
972 2772 997 2789 11,
1022 2769 1035 2789 3

810 266 857 298 DE
881 265 1148 298 PAUPERTATE
1169 265 1325 299 CHRISTI

1091 333 1183 365 labor
1200 333 1391 375 corporalis,
1407 334 1452 366 sie
1464 336 1572 366 tamen
1585 334 1701 365 utnon
1718 333 1868 374 impedia-

1090 387 1143 418 tur
1158 387 1265 419 fervor
1279 387 1442 426 orationis,
1458 397 1517 419 nec
1530 388 1651 419 fructus
1667 386 1867 427 praedicatio-

1090 440 1152 479 nis,
1169 449 1227 471 nec
1237 441 1440 474 observantia
1453 441 1624 481 regularis.

1130 494 1179 525 Ad
1194 494 1225 525 id
1241 495 1327 535 quod
1348 495 1498 536 objicitur
1521 495 1560 527 de
1584 495 1704 534 Glossa,
1728 494 1815 535 quod
1828 494 1869 526 ad

1090 548 1228 579 alienam
1253 557 1400 580 mensam
1428 549 1590 588 accedam,
1620 557 1747 580 necesse
1772 548 1870 579 habet

1090 601 1225 639 adulari,
1245 601 1427 640 dicendum,
1443 602 1529 643 quod
1542 601 1651 633 Glossa
1665 602 1870 642 semetipsam

1090 655 1222 696 exponit
1235 655 1269 687 in
1280 656 1351 694 hoc,
1368 657 1454 697 quod
1467 657 1542 688 dicit
1558 667 1565 688 :
1588 668 1603 686 ιι
1613 656 1683 688 0110
1697 656 1824 688 deditus
1837 667 1865 695 ;»

1090 708 1123 740 in
1139 719 1203 750 quo
1218 709 1370 749 insinuat,
1382 710 1542 751 quoditie,
1558 710 1615 751 qui
1629 710 1767 742 alienam
1782 718 1871 741 meu-

1090 772 1159 794 sam
1183 763 1319 803 quaerit,
1335 765 1366 794 et
1387 763 1546 796 mendicat
1567 773 1625 804 pro
1650 763 1809 795 otiositate
1821 763 1871 795 fo-

1090 816 1205 856 venda,
1224 816 1275 848 ille
1296 826 1418 857 pronus
1442 819 1490 848 est
1513 817 1554 848 ad
1574 817 1815 849 blandiendum.
1831 817 1871 849 Et

1089 870 1166 910 quid
1194 870 1325 909 mirum,
1351 871 1378 901 si
1402 870 1465 909 ille,
1491 871 1548 911 qui
1570 871 1676 911 diligit
1700 872 1814 909 otium,
1839 873 1871 902 et

1089 923 1175 956 fovet
1189 926 1335 955 ventrem
1350 933 1465 963 suum,
1482 924 1516 955 in
1536 925 1672 956 verbum
1688 924 1870 966 prorumpit

1090 978 1305 1009 adulatorium
1317 979 1333 1008 ⁴?
1361 978 1423 1009 Sed
1446 987 1485 1009 ex
1515 978 1576 1009 hoc
1604 987 1670 1010 non
1697 978 1870 1009 damnatur

1090 1040 1212 1071 pauper
1226 1031 1435 1071 evangelista,
1451 1031 1508 1071 qui
1521 1031 1561 1062 ad
1571 1031 1708 1062 alienam
1724 1039 1870 1062 mensam

1090 1085 1239 1116 convenit
1265 1087 1394 1126 propter
1420 1085 1722 1125 evangelizandum,
1752 1086 1784 1116 et
1797 1085 1869 1115 imi·

1090 1139 1225 1171 tandum
1246 1139 1418 1171 Christum.
1442 1139 1523 1170 Nam
1545 1139 1572 1170 si
1595 1139 1686 1177 tales,
1716 1139 1776 1170 hoc
1803 1138 1871 1179 ipso

1091 1193 1178 1234 quod
1198 1203 1369 1234 pauperes,
1393 1196 1425 1225 ct
1448 1194 1586 1226 alienam
1609 1203 1754 1225 mensam
1780 1202 1870 1224 acce-

1091 1247 1209 1287 dentes,
1227 1250 1332 1279 essent
1342 1248 1534 1287 adulatores,
1550 1250 1626 1279 tunc
1636 1257 1710 1279 cum
1725 1247 1871 1279 Christus

1091 1302 1257 1342 Apostolos
1282 1303 1368 1334 misit
1393 1303 1433 1334 ad
1460 1302 1674 1342 Evangelium
1690 1301 1870 1342 praedican-

1091 1356 1181 1394 dum,
1198 1356 1282 1387 etad
1302 1356 1477 1388 vivendum
1499 1356 1538 1388 de
1559 1356 1743 1396 sumptibus
1756 1355 1870 1386 alienae

1093 1419 1224 1449 mensae,
1242 1411 1348 1450 potius
1370 1411 1493 1442 fecisset
1515 1412 1591 1442 tunc
1613 1410 1772 1450 apostolos
1796 1418 1872 1441 suos

1091 1464 1283 1503 adulatores,
1308 1473 1405 1504 quam
1429 1473 1522 1496 veros
1541 1464 1774 1504 praedicatores.
1802 1463 1872 1504 Ipse

1091 1518 1177 1549 euim
1193 1518 1336 1549 Christus
1350 1517 1461 1549 suisset
1475 1517 1620 1549 adulator
1635 1517 1869 1558 permaximus,

1091 1572 1147 1612 qui
1162 1572 1344 1612 frequenter
1358 1571 1566 1609 invitabatur,
1594 1573 1625 1602 01
1639 1571 1823 1602 comedebat
1838 1571 1871 1601 in

1091 1627 1239 1658 domibus
1255 1626 1503 1658 Pharisaeorum.
1520 1625 1620 1663 Unde,
1640 1626 1664 1656 si
1679 1627 1761 1658 recte
1776 1625 1869 1656 intel-

1091 1681 1235 1720 ligimus,
1263 1680 1454 1712 adulationis
1473 1680 1590 1711 vitium
1613 1679 1720 1720 potius
1742 1681 1789 1710 est
1811 1687 1872 1710 an-

1091 1744 1213 1766 nexum
1227 1735 1379 1765 divitibus
1397 1734 1584 1772 mundanis,
1602 1742 1700 1774 quam
1718 1733 1870 1773 pauperi-

1091 1789 1152 1819 bus
1165 1789 1356 1828 evangelicis
1370 1790 1402 1820 et
1420 1789 1620 1820 voluntariis
1638 1787 1726 1819 Unde
1737 1787 1872 1828 Chryso-

1092 1845 1226 1881 stomus,
1236 1843 1269 1873 in
1281 1842 1411 1873 homilia
1420 1850 1514 1882 super
1523 1841 1724 1880 Malthaeum,
1737 1841 1872 1881 loquens

1092 1897 1130 1928 de
1154 1897 1319 1935 divitibus,
1344 1897 1420 1927 dicit
1435 1896 1478 1927 sic
1495 1898 1505 1914 ³
1525 1905 1532 1927 :
1559 1908 1573 1926 a
1588 1895 1719 1926 Adulari
1743 1903 1870 1926 necesse

1092 1954 1138 1982 051
1154 1951 1273 1982 multos
1288 1953 1318 1981 et
1329 1950 1498 1990 principes,
1515 1951 1547 1981 et
1563 1950 1733 1989 subjectos,
1745 1951 1776 1980 et
1792 1947 1872 1979 mul-

1092 2005 1131 2036 tis
1148 2005 1305 2045 indigere,
1322 2007 1352 2036 et
1367 2004 1503 2044 turpiter
1518 2003 1651 2041 servire,
1667 2005 1698 2033 et
1717 2001 1870 2033 formida-

1092 2069 1137 2097 re,
1158 2062 1189 2090 et
1213 2058 1378 2099 suspicari,
1404 2060 1434 2088 et
1456 2057 1569 2088 timere
1590 2064 1716 2094 eorum,
1743 2055 1799 2095 qui
1814 2064 1872 2085 su-

1092 2113 1266 2153 spicantur,
1283 2112 1403 2149 oculos,
1424 2113 1455 2142 et
1474 2111 1587 2141 timere
1601 2109 1871 2141 calumniatorum

1092 2176 1159 2204 ora,
1167 2168 1196 2197 et
1204 2166 1340 2197 aliorum
1355 2165 1393 2204 (a)
1408 2173 1580 2195 avarorum
1589 2162 1870 2203 concupiscentias.

1093 2221 1152 2251 Sed
1168 2229 1233 2251 non
1248 2221 1417 2260 paupertas
1434 2220 1481 2250 est
1499 2217 1617 2259 aliquid
1639 2217 1711 2255 tale,
1726 2216 1780 2248 sed
1795 2225 1870 2247 con·

1092 2275 1230 2305 trarium
1246 2274 1277 2304 in
1299 2273 1334 2313 (b)
1350 2273 1550 2303 universum.
1569 2271 1668 2311 Regio
1692 2271 1726 2311 (c)
1747 2272 1871 2301 estnon

1092 2328 1216 2358 furibus
1225 2327 1377 2367 subJ‘ceta,
1388 2327 1442 2357 sed
1451 2326 1586 2363 munita,
1597 2327 1708 2365 portus
1718 2321 1871 2363 tranquil-

1092 2382 1154 2420 lus,
1168 2384 1198 2412 et
1213 2381 1371 2422 palaestra,
1384 2383 1414 2412 et
1425 2380 1634 2421 gymnasium
1646 2376 1867 2419 philosophiae.

1093 2436 1218 2474 Audite,
1244 2436 1439 2476 quicumque
1459 2435 1577 2466 horum
1600 2440 1754 2474 pauperes
1773 2430 1866 2469 estis,

1093 2490 1198 2530 magis
1214 2492 1319 2520 autem
1340 2491 1371 2520 et
1385 2488 1579 2529 quicumque
1604 2485 1696 2517 ditari
1717 2484 1869 2524 concupi-

1092 2544 1200 2575 scitis:
1218 2552 1281 2574 non
1303 2551 1474 2583 pauperem
1497 2550 1564 2572 esse
1584 2539 1703 2570 malum
1727 2540 1787 2577 est,
1814 2537 1869 2568 sed

1093 2607 1156 2628 1100
1174 2597 1254 2628 velle
1269 2605 1441 2636 pauperem
1452 2604 1529 2632 esse;
1541 2602 1645 2633 neque
1659 2592 1781 2623 malum
1796 2591 1865 2622 exi-

1092 2652 1186 2682 stima
1204 2660 1272 2682 esse
1294 2651 1525 2690 paupertatem,
1536 2650 1567 2679 01
1582 2657 1646 2678 non
1660 2647 1720 2678 erit
1731 2646 1788 2677 tibi
1799 2655 1867 2677 ma-

1093 2733 1118 2755 01
1145 2732 1165 2755 i.
1183 2745 1212 2748 —
1227 2731 1258 2760 (rr)
1286 2730 1346 2754 Caec.
1368 2729 1427 2753 alit.
1450 2728 1501 2752 add

1093 2768 1123 2797 (c)
1148 2767 1172 2790 it
1198 2765 1296 2790 nennio
1540 2733 1571 2780 ὦ(
1603 2742 1618 2746 ὀ
1639 2729 1671 2759 (⁶)
1692 2728 1762 2752 Dm!
1785 2726 1821 2750 in.
1837 2738 1868 2744 ’-

1141 2784 1146 2790 .
1175 2785 1180 2790 ,
1254 2785 1269 2796 0
1300 2784 1305 2788 .

1897 501 1930 523 Ad
1948 503 1976 522 X.
