<?xml version="1.0" encoding="UTF-8"?>
<!DOCTYPE html PUBLIC "-//W3C//DTD XHTML 1.0 Transitional//EN"
    "http://www.w3.org/TR/xhtml1/DTD/xhtml1-transitional.dtd">
<html xmlns="http://www.w3.org/1999/xhtml" xml:lang="en" lang="en">
 <head>
  <title>
</title>
<meta http-equiv="Content-Type" content="text/html;charset=utf-8" />
  <meta name='ocr-system' content='tesseract 3.04.00' />
  <meta name='ocr-capabilities' content='ocr_page ocr_carea ocr_par ocr_line ocrx_word'/>
</head>
<body>
  <div class='ocr_page' id='page_1' title='image "./operaomniasixtiv14bonauoft/operaomniasixtiv14bonauoft_0236.png"; bbox 0 0 2029 3052; ppageno 0'>
   <div class='ocr_carea' id='block_1_1' title="bbox 208 223 1462 261">
    <p class='ocr_par' dir='ltr' id='par_1_1' title="bbox 208 223 1462 261">
     <span class='ocr_line' id='line_1_1' title="bbox 208 223 1462 261; baseline -0.004 0"><span class='ocrx_word' id='word_1_1' title='bbox 208 231 267 261; x_wconf 78' lang='lat'><strong>198</strong></span> <span class='ocrx_word' id='word_1_2' title='bbox 571 226 756 260; x_wconf 79' lang='lat' dir='ltr'><strong>CARMlNA</strong></span> <span class='ocrx_word' id='word_1_3' title='bbox 777 224 907 258; x_wconf 84' lang='lat' dir='ltr'><strong>SUPER</strong></span> <span class='ocrx_word' id='word_1_4' title='bbox 929 223 1129 257; x_wconf 81' lang='lat' dir='ltr'>CANTICUM</span> <span class='ocrx_word' id='word_1_5' title='bbox 1149 224 1278 257; x_wconf 82' lang='lat' dir='ltr'><strong>SALVE</strong></span> <span class='ocrx_word' id='word_1_6' title='bbox 1300 224 1462 257; x_wconf 79' lang='lat' dir='ltr'><strong>REGINA.</strong></span> 
     </span>
    </p>
   </div>
   <div class='ocr_carea' id='block_1_2' title="bbox 506 327 682 357">
    <p class='ocr_par' dir='ltr' id='par_1_2' title="bbox 506 327 682 357">
     <span class='ocr_line' id='line_1_2' title="bbox 506 327 682 357; baseline -0.028 0"><span class='ocrx_word' id='word_1_7' title='bbox 506 328 616 357; x_wconf 70' lang='lat' dir='ltr'><strong>Ventris</strong></span> <span class='ocrx_word' id='word_1_8' title='bbox 630 327 682 354; x_wconf 74' lang='lat' dir='ltr'><strong>tui.</strong></span> 
     </span>
    </p>
   </div>
   <div class='ocr_carea' id='block_1_3' title="bbox 209 391 886 573">
    <p class='ocr_par' dir='ltr' id='par_1_3' title="bbox 209 391 838 428">
     <span class='ocr_line' id='line_1_3' title="bbox 209 391 838 428; baseline -0.003 -8"><span class='ocrx_word' id='word_1_9' title='bbox 209 393 322 421; x_wconf 78' lang='lat' dir='ltr'>Ventris</span> <span class='ocrx_word' id='word_1_10' title='bbox 334 393 376 422; x_wconf 86' lang='lat' dir='ltr'><strong>tui</strong></span> <span class='ocrx_word' id='word_1_11' title='bbox 389 393 505 422; x_wconf 82' lang='lat' dir='ltr'><strong>viscera</strong></span> <span class='ocrx_word' id='word_1_12' title='bbox 517 394 618 422; x_wconf 68' lang='lat' dir='ltr'><strong>lesum</strong></span> <span class='ocrx_word' id='word_1_13' title='bbox 631 391 838 428; x_wconf 80' lang='lat' dir='ltr'><strong>portaverunt,</strong></span> 
     </span>
    </p>

    <p class='ocr_par' dir='ltr' id='par_1_4' title="bbox 211 439 777 477">
     <span class='ocr_line' id='line_1_4' title="bbox 211 439 777 477; baseline -0.004 -9"><span class='ocrx_word' id='word_1_14' title='bbox 211 442 243 469; x_wconf 86' lang='lat' dir='ltr'><strong>Et</strong></span> <span class='ocrx_word' id='word_1_15' title='bbox 258 441 346 468; x_wconf 83' lang='lat' dir='ltr'><strong>beata</strong></span> <span class='ocrx_word' id='word_1_16' title='bbox 359 441 455 469; x_wconf 80' lang='lat' dir='ltr'><strong>ubera</strong></span> <span class='ocrx_word' id='word_1_17' title='bbox 468 441 567 477; x_wconf 90' lang='lat' dir='ltr'><strong>ipsum</strong></span> <span class='ocrx_word' id='word_1_18' title='bbox 581 439 777 472; x_wconf 78' lang='lat' dir='ltr'><strong>lactaverunt,</strong></span> 
     </span>
    </p>

    <p class='ocr_par' dir='ltr' id='par_1_5' title="bbox 211 485 771 520">
     <span class='ocr_line' id='line_1_5' title="bbox 211 485 771 520; baseline -0.005 -4"><span class='ocrx_word' id='word_1_19' title='bbox 211 488 263 516; x_wconf 91' lang='lat' dir='ltr'><strong>Cui</strong></span> <span class='ocrx_word' id='word_1_20' title='bbox 274 487 366 516; x_wconf 80' lang='lat' dir='ltr'><strong>Judaei</strong></span> <span class='ocrx_word' id='word_1_21' title='bbox 379 488 504 516; x_wconf 83' lang='lat' dir='ltr'><strong>vulnera</strong></span> <span class='ocrx_word' id='word_1_22' title='bbox 516 486 584 515; x_wconf 80' lang='lat' dir='ltr'><strong>dira</strong></span> <span class='ocrx_word' id='word_1_23' title='bbox 597 485 771 520; x_wconf 76' lang='lat' dir='ltr'><strong>intulerunt,</strong></span> 
     </span>
    </p>

    <p class='ocr_par' dir='ltr' id='par_1_6' title="bbox 213 533 886 573">
     <span class='ocr_line' id='line_1_6' title="bbox 213 533 886 573; baseline -0.003 -9"><span class='ocrx_word' id='word_1_24' title='bbox 213 538 244 564; x_wconf 85' lang='lat' dir='ltr'><strong>Et</strong></span> <span class='ocrx_word' id='word_1_25' title='bbox 257 537 356 573; x_wconf 85' lang='lat' dir='ltr'><strong>ipsum</strong></span> <span class='ocrx_word' id='word_1_26' title='bbox 369 537 438 573; x_wconf 83' lang='lat' dir='ltr'><strong>post</strong></span> <span class='ocrx_word' id='word_1_27' title='bbox 449 535 577 564; x_wconf 80' lang='lat' dir='ltr'><strong>verbera</strong></span> <span class='ocrx_word' id='word_1_28' title='bbox 590 533 670 563; x_wconf 85' lang='lat' dir='ltr'><strong>cruci</strong></span> <span class='ocrx_word' id='word_1_29' title='bbox 689 533 886 562; x_wconf 77' lang='lat' dir='ltr'><strong>tradiderunt.</strong></span> 
     </span>
    </p>
   </div>
   <div class='ocr_carea' id='block_1_4' title="bbox 349 614 837 650">
    <p class='ocr_par' dir='ltr' id='par_1_7' title="bbox 349 614 837 650">
     <span class='ocr_line' id='line_1_7' title="bbox 349 614 837 650; baseline -0.004 -7"><span class='ocrx_word' id='word_1_30' title='bbox 349 615 432 644; x_wconf 81' lang='lat' dir='ltr'><strong><em>Nobis</em></strong></span> <span class='ocrx_word' id='word_1_31' title='bbox 446 617 508 650; x_wconf 78' lang='lat' dir='ltr'><em>post</em></span> <span class='ocrx_word' id='word_1_32' title='bbox 523 614 571 643; x_wconf 82' lang='lat' dir='ltr'><strong>hoc</strong></span> <span class='ocrx_word' id='word_1_33' title='bbox 584 615 702 643; x_wconf 63' lang='lat' dir='ltr'><strong>exilium</strong></span> <span class='ocrx_word' id='word_1_34' title='bbox 718 614 837 642; x_wconf 77' lang='lat' dir='ltr'><strong><em>ostende.</em></strong></span> 
     </span>
    </p>
   </div>
   <div class='ocr_carea' id='block_1_5' title="bbox 212 675 930 855">
    <p class='ocr_par' dir='ltr' id='par_1_8' title="bbox 212 675 930 855">
     <span class='ocr_line' id='line_1_8' title="bbox 213 675 925 713; baseline -0.001 -8"><span class='ocrx_word' id='word_1_35' title='bbox 213 677 304 705; x_wconf 82' lang='lat' dir='ltr'>Nobis</span> <span class='ocrx_word' id='word_1_36' title='bbox 315 679 383 713; x_wconf 87' lang='lat' dir='ltr'><strong>post</strong></span> <span class='ocrx_word' id='word_1_37' title='bbox 397 676 455 705; x_wconf 87' lang='lat' dir='ltr'><strong>hoc</strong></span> <span class='ocrx_word' id='word_1_38' title='bbox 470 676 605 712; x_wconf 82' lang='lat' dir='ltr'><strong>exilium,</strong></span> <span class='ocrx_word' id='word_1_39' title='bbox 620 676 787 712; x_wconf 79' lang='lat' dir='ltr'><strong>benignum</strong></span> <span class='ocrx_word' id='word_1_40' title='bbox 801 675 925 704; x_wconf 82' lang='lat' dir='ltr'><strong>ostende</strong></span> 
     </span>
     <span class='ocr_line' id='line_1_9' title="bbox 212 723 842 760; baseline -0.002 -8"><span class='ocrx_word' id='word_1_41' title='bbox 212 726 312 752; x_wconf 73' lang='lat' dir='ltr'><strong>lesum</strong></span> <span class='ocrx_word' id='word_1_42' title='bbox 324 725 408 752; x_wconf 81' lang='lat' dir='ltr'><strong>tuum</strong></span> <span class='ocrx_word' id='word_1_43' title='bbox 423 724 541 759; x_wconf 86' lang='lat' dir='ltr'><strong>Filium,</strong></span> <span class='ocrx_word' id='word_1_44' title='bbox 557 725 586 753; x_wconf 87' lang='lat' dir='ltr'><strong>et</strong></span> <span class='ocrx_word' id='word_1_45' title='bbox 598 723 686 752; x_wconf 88' lang='lat' dir='ltr'>nobis</span> <span class='ocrx_word' id='word_1_46' title='bbox 700 723 842 760; x_wconf 79' lang='lat' dir='ltr'><strong>impende</strong></span> 
     </span>
     <span class='ocr_line' id='line_1_10' title="bbox 215 770 930 809; baseline 0 -10"><span class='ocrx_word' id='word_1_47' title='bbox 215 773 323 800; x_wconf 83' lang='lat' dir='ltr'><strong>Verum</strong></span> <span class='ocrx_word' id='word_1_48' title='bbox 338 773 557 809; x_wconf 61' lang='lat' dir='ltr'><strong>patrocinium,</strong></span> <span class='ocrx_word' id='word_1_49' title='bbox 567 774 595 802; x_wconf 85' lang='lat' dir='ltr'><strong>et</strong></span> <span class='ocrx_word' id='word_1_50' title='bbox 609 774 778 800; x_wconf 82' lang='lat' dir='ltr'><strong>maternum</strong></span> <span class='ocrx_word' id='word_1_51' title='bbox 792 770 930 806; x_wconf 76' lang='lat' dir='ltr'><strong>extende,</strong></span> 
     </span>
     <span class='ocr_line' id='line_1_11' title="bbox 215 817 833 855; baseline -0.002 -8"><span class='ocrx_word' id='word_1_52' title='bbox 215 821 247 848; x_wconf 85' lang='lat' dir='ltr'><strong>Et</strong></span> <span class='ocrx_word' id='word_1_53' title='bbox 261 827 330 847; x_wconf 87' lang='lat' dir='ltr'><strong>cum</strong></span> <span class='ocrx_word' id='word_1_54' title='bbox 345 819 384 847; x_wconf 87' lang='lat' dir='ltr'><strong>ad</strong></span> <span class='ocrx_word' id='word_1_55' title='bbox 395 819 544 855; x_wconf 81' lang='lat' dir='ltr'><strong>judicium</strong></span> <span class='ocrx_word' id='word_1_56' title='bbox 560 819 681 854; x_wconf 86' lang='lat' dir='ltr'><strong>erimus,</strong></span> <span class='ocrx_word' id='word_1_57' title='bbox 696 817 833 847; x_wconf 79' lang='lat' dir='ltr'><strong>defende.</strong></span> 
     </span>
    </p>
   </div>
   <div class='ocr_carea' id='block_1_6' title="bbox 528 899 686 928">
    <p class='ocr_par' dir='ltr' id='par_1_9' title="bbox 528 899 686 928">
     <span class='ocr_line' id='line_1_12' title="bbox 528 899 686 928; baseline 0 -1"><span class='ocrx_word' id='word_1_58' title='bbox 528 899 550 927; x_wconf 91' lang='lat' dir='ltr'><strong><em>O</em></strong></span> <span class='ocrx_word' id='word_1_59' title='bbox 564 900 686 928; x_wconf 80' lang='lat' dir='ltr'><strong>clemens.</strong></span> 
     </span>
    </p>
   </div>
   <div class='ocr_carea' id='block_1_7' title="bbox 217 961 866 1140">
    <p class='ocr_par' dir='ltr' id='par_1_10' title="bbox 217 961 866 1140">
     <span class='ocr_line' id='line_1_13' title="bbox 217 961 866 996; baseline -0.003 -5"><span class='ocrx_word' id='word_1_60' title='bbox 217 964 239 991; x_wconf 93' lang='grc' dir='ltr'><strong>Ο</strong></span> <span class='ocrx_word' id='word_1_61' title='bbox 254 962 385 991; x_wconf 88' lang='lat' dir='ltr'><strong>clemens</strong></span> <span class='ocrx_word' id='word_1_62' title='bbox 399 963 557 991; x_wconf 79' lang='lat' dir='ltr'><strong>clementia</strong></span> <span class='ocrx_word' id='word_1_63' title='bbox 572 971 696 991; x_wconf 83' lang='lat' dir='ltr'><strong>summoe</strong></span> <span class='ocrx_word' id='word_1_64' title='bbox 714 961 866 996; x_wconf 81' lang='lat' dir='ltr'>bonitatis,</span> 
     </span>
     <span class='ocr_line' id='line_1_14' title="bbox 217 1009 695 1046; baseline 0 -8"><span class='ocrx_word' id='word_1_65' title='bbox 217 1009 333 1038; x_wconf 75' lang='lat' dir='ltr'><strong>Adonai</strong></span> <span class='ocrx_word' id='word_1_66' title='bbox 348 1009 422 1044; x_wconf 84' lang='lat' dir='ltr'>filia,</span> <span class='ocrx_word' id='word_1_67' title='bbox 440 1009 496 1038; x_wconf 85' lang='lat' dir='ltr'><strong>flos</strong></span> <span class='ocrx_word' id='word_1_68' title='bbox 510 1009 695 1046; x_wconf 80' lang='lat' dir='ltr'><strong>virginitatis,</strong></span> 
     </span>
     <span class='ocr_line' id='line_1_15' title="bbox 219 1056 799 1093; baseline -0.002 -8"><span class='ocrx_word' id='word_1_69' title='bbox 219 1059 431 1086; x_wconf 84' lang='lat' dir='ltr'><strong>Damnatorum</strong></span> <span class='ocrx_word' id='word_1_70' title='bbox 447 1057 545 1091; x_wconf 86' lang='lat' dir='ltr'><strong>venia,</strong></span> <span class='ocrx_word' id='word_1_71' title='bbox 560 1059 654 1085; x_wconf 81' lang='lat' dir='ltr'><strong>mater</strong></span> <span class='ocrx_word' id='word_1_72' title='bbox 671 1056 799 1093; x_wconf 79' lang='lat' dir='ltr'><strong>pietatis,</strong></span> 
     </span>
     <span class='ocr_line' id='line_1_16' title="bbox 219 1103 761 1140; baseline -0.002 -8"><span class='ocrx_word' id='word_1_73' title='bbox 219 1104 373 1140; x_wconf 80' lang='lat' dir='ltr'><strong>virginum</strong></span> <span class='ocrx_word' id='word_1_74' title='bbox 387 1103 496 1139; x_wconf 84' lang='lat' dir='ltr'><strong>laetitia,</strong></span> <span class='ocrx_word' id='word_1_75' title='bbox 511 1103 587 1132; x_wconf 78' lang='lat' dir='ltr'>stola</span> <span class='ocrx_word' id='word_1_76' title='bbox 601 1103 761 1132; x_wconf 52' lang='lat' dir='ltr'>charitatis</span> 
     </span>
    </p>
   </div>
   <div class='ocr_carea' id='block_1_8' title="bbox 1049 324 1726 471">
    <p class='ocr_par' dir='ltr' id='par_1_11' title="bbox 1049 324 1726 471">
     <span class='ocr_line' id='line_1_17' title="bbox 1392 324 1491 360; baseline -0.02 -7"><span class='ocrx_word' id='word_1_77' title='bbox 1392 324 1415 353; x_wconf 89' lang='lat'><em>0</em></span> <span class='ocrx_word' id='word_1_78' title='bbox 1432 325 1491 360; x_wconf 76' lang='lat' dir='ltr'><strong>pia.</strong></span> 
     </span>
     <span class='ocr_line' id='line_1_18' title="bbox 1049 386 1586 425; baseline -0.006 -8"><span class='ocrx_word' id='word_1_79' title='bbox 1049 389 1071 417; x_wconf 91' lang='grc' dir='ltr'><strong>Ο</strong></span> <span class='ocrx_word' id='word_1_80' title='bbox 1085 388 1136 425; x_wconf 87' lang='lat' dir='ltr'><strong>pia</strong></span> <span class='ocrx_word' id='word_1_81' title='bbox 1149 387 1282 425; x_wconf 77' lang='lat' dir='ltr'><strong>piissima</strong></span> <span class='ocrx_word' id='word_1_82' title='bbox 1296 387 1410 424; x_wconf 79' lang='lat' dir='ltr'><strong>Regina</strong></span> <span class='ocrx_word' id='word_1_83' title='bbox 1428 386 1586 421; x_wconf 75' lang='lat' dir='ltr'><strong>emiorum,</strong></span> 
     </span>
     <span class='ocr_line' id='line_1_19' title="bbox 1050 432 1726 471; baseline -0.004 -7"><span class='ocrx_word' id='word_1_84' title='bbox 1050 435 1190 465; x_wconf 85' lang='lat' dir='ltr'><strong>omnium</strong></span> <span class='ocrx_word' id='word_1_85' title='bbox 1203 434 1297 471; x_wconf 77' lang='lat' dir='ltr'><strong>dig-na</strong></span> <span class='ocrx_word' id='word_1_86' title='bbox 1311 434 1457 463; x_wconf 74' lang='lat' dir='ltr'><strong>ditissima</strong></span> <span class='ocrx_word' id='word_1_87' title='bbox 1472 433 1523 462; x_wconf 85' lang='lat' dir='ltr'><strong>Dei</strong></span> <span class='ocrx_word' id='word_1_88' title='bbox 1534 432 1726 468; x_wconf 68' lang='lat' dir='ltr'><strong>saeculorum,</strong></span> 
     </span>
    </p>
   </div>
   <div class='ocr_carea' id='block_1_9' title="bbox 1051 480 1762 566">
    <p class='ocr_par' dir='ltr' id='par_1_12' title="bbox 1051 480 1762 566">
     <span class='ocr_line' id='line_1_20' title="bbox 1051 480 1762 519; baseline -0.003 -10"><span class='ocrx_word' id='word_1_89' title='bbox 1051 483 1138 518; x_wconf 83' lang='lat' dir='ltr'>Virgo</span> <span class='ocrx_word' id='word_1_90' title='bbox 1153 481 1395 519; x_wconf 80' lang='lat' dir='ltr'><strong>prudentissima,</strong></span> <span class='ocrx_word' id='word_1_91' title='bbox 1409 489 1531 518; x_wconf 82' lang='lat' dir='ltr'><strong>gemma</strong></span> <span class='ocrx_word' id='word_1_92' title='bbox 1543 480 1762 515; x_wconf 77' lang='lat' dir='ltr'><strong>confessorum,</strong></span> 
     </span>
     <span class='ocr_line' id='line_1_21' title="bbox 1051 527 1684 566; baseline -0.005 -8"><span class='ocrx_word' id='word_1_93' title='bbox 1051 531 1146 566; x_wconf 75' lang='lat' dir='ltr'><strong>Atque</strong></span> <span class='ocrx_word' id='word_1_94' title='bbox 1154 528 1372 565; x_wconf 72' lang='lat' dir='ltr'><strong>jucundissima</strong></span> <span class='ocrx_word' id='word_1_95' title='bbox 1385 527 1452 556; x_wconf 80' lang='lat' dir='ltr'><strong>laus</strong></span> <span class='ocrx_word' id='word_1_96' title='bbox 1466 527 1684 564; x_wconf 76' lang='lat' dir='ltr'><strong>apostolorum.</strong></span> 
     </span>
    </p>
   </div>
   <div class='ocr_carea' id='block_1_10' title="bbox 1377 607 1513 636">
    <p class='ocr_par' dir='ltr' id='par_1_13' title="bbox 1377 607 1513 636">
     <span class='ocr_line' id='line_1_22' title="bbox 1377 607 1513 636; baseline -0.015 0"><span class='ocrx_word' id='word_1_97' title='bbox 1377 607 1399 636; x_wconf 92' lang='grc'>0</span> <span class='ocrx_word' id='word_1_98' title='bbox 1415 607 1513 635; x_wconf 75' lang='lat' dir='ltr'><strong>dulcis.</strong></span> 
     </span>
    </p>
   </div>
   <div class='ocr_carea' id='block_1_11' title="bbox 1053 669 1729 848">
    <p class='ocr_par' dir='ltr' id='par_1_14' title="bbox 1053 669 1729 848">
     <span class='ocr_line' id='line_1_23' title="bbox 1053 669 1693 706; baseline -0.006 -5"><span class='ocrx_word' id='word_1_99' title='bbox 1053 674 1075 701; x_wconf 93' lang='grc'>0</span> <span class='ocrx_word' id='word_1_100' title='bbox 1087 671 1183 701; x_wconf 87' lang='lat' dir='ltr'><strong>dulcis</strong></span> <span class='ocrx_word' id='word_1_101' title='bbox 1196 670 1379 705; x_wconf 84' lang='lat' dir='ltr'><strong>dulcissima,</strong></span> <span class='ocrx_word' id='word_1_102' title='bbox 1393 677 1484 706; x_wconf 85' lang='lat' dir='ltr'><strong>super</strong></span> <span class='ocrx_word' id='word_1_103' title='bbox 1495 669 1576 704; x_wconf 81' lang='lat' dir='ltr'><strong>favo,</strong></span> <span class='ocrx_word' id='word_1_104' title='bbox 1593 669 1693 704; x_wconf 86' lang='lat' dir='ltr'><strong>melle,</strong></span> 
     </span>
     <span class='ocr_line' id='line_1_24' title="bbox 1053 715 1698 753; baseline -0.008 -5"><span class='ocrx_word' id='word_1_105' title='bbox 1053 718 1201 748; x_wconf 82' lang='lat' dir='ltr'><strong>Columba</strong></span> <span class='ocrx_word' id='word_1_106' title='bbox 1215 717 1388 753; x_wconf 79' lang='lat' dir='ltr'><strong>castissima,</strong></span> <span class='ocrx_word' id='word_1_107' title='bbox 1404 724 1508 746; x_wconf 81' lang='lat' dir='ltr'><strong>carens</strong></span> <span class='ocrx_word' id='word_1_108' title='bbox 1521 716 1604 745; x_wconf 83' lang='lat' dir='ltr'>omni</span> <span class='ocrx_word' id='word_1_109' title='bbox 1617 715 1698 750; x_wconf 79' lang='lat' dir='ltr'><strong>felle,</strong></span> 
     </span>
     <span class='ocr_line' id='line_1_25' title="bbox 1054 763 1729 802; baseline -0.007 -7"><span class='ocrx_word' id='word_1_110' title='bbox 1054 768 1143 796; x_wconf 76' lang='lat' dir='ltr'><strong>Mater</strong></span> <span class='ocrx_word' id='word_1_111' title='bbox 1157 765 1382 802; x_wconf 61' lang='lat' dir='ltr'><strong>benignissima,</strong></span> <span class='ocrx_word' id='word_1_112' title='bbox 1391 765 1475 800; x_wconf 79' lang='lat' dir='ltr'><strong>juxta</strong></span> <span class='ocrx_word' id='word_1_113' title='bbox 1489 765 1625 792; x_wconf 77' lang='lat' dir='ltr'><strong>nostrum</strong></span> <span class='ocrx_word' id='word_1_114' title='bbox 1639 763 1729 798; x_wconf 85' lang='lat' dir='ltr'><strong>velle,</strong></span> 
     </span>
     <span class='ocr_line' id='line_1_26' title="bbox 1056 811 1633 848; baseline -0.009 -4"><span class='ocrx_word' id='word_1_115' title='bbox 1056 816 1166 845; x_wconf 81' lang='lat' dir='ltr'><strong>Cuncta</strong></span> <span class='ocrx_word' id='word_1_116' title='bbox 1180 813 1364 842; x_wconf 80' lang='lat' dir='ltr'><strong>foetidissima</strong></span> <span class='ocrx_word' id='word_1_117' title='bbox 1379 820 1397 841; x_wconf 86' lang='lat' dir='ltr'>a</span> <span class='ocrx_word' id='word_1_118' title='bbox 1410 812 1499 841; x_wconf 86' lang='lat' dir='ltr'>nobis</span> <span class='ocrx_word' id='word_1_119' title='bbox 1511 811 1633 848; x_wconf 84' lang='lat' dir='ltr'><strong>repelle.</strong></span> 
     </span>
    </p>
   </div>
   <div class='ocr_carea' id='block_1_12' title="bbox 1398 893 1501 920">
    <p class='ocr_par' dir='ltr' id='par_1_15' title="bbox 1398 893 1501 920">
     <span class='ocr_line' id='line_1_27' title="bbox 1398 893 1501 920; baseline 0 0"><span class='ocrx_word' id='word_1_120' title='bbox 1398 893 1501 920; x_wconf 76' lang='lat' dir='ltr'><strong><em>Maria.</em></strong></span> 
     </span>
    </p>
   </div>
   <div class='ocr_carea' id='block_1_13' title="bbox 1057 956 1704 1137">
    <p class='ocr_par' dir='ltr' id='par_1_16' title="bbox 1057 956 1704 1137">
     <span class='ocr_line' id='line_1_28' title="bbox 1057 956 1586 993; baseline -0.009 -5"><span class='ocrx_word' id='word_1_121' title='bbox 1057 959 1146 988; x_wconf 83' lang='lat' dir='ltr'>Maria</span> <span class='ocrx_word' id='word_1_122' title='bbox 1158 957 1278 993; x_wconf 79' lang='lat' dir='ltr'><strong>eximia,</strong></span> <span class='ocrx_word' id='word_1_123' title='bbox 1289 958 1398 987; x_wconf 74' lang='lat' dir='ltr'><strong>Natum</strong></span> <span class='ocrx_word' id='word_1_124' title='bbox 1412 956 1586 993; x_wconf 81' lang='lat' dir='ltr'><strong>deprecare.</strong></span> 
     </span>
     <span class='ocr_line' id='line_1_29' title="bbox 1057 1001 1704 1043; baseline -0.009 -8"><span class='ocrx_word' id='word_1_125' title='bbox 1057 1008 1091 1035; x_wconf 83' lang='lat' dir='ltr'><strong>Ut</strong></span> <span class='ocrx_word' id='word_1_126' title='bbox 1102 1006 1284 1043; x_wconf 83' lang='lat' dir='ltr'><strong>quicumque</strong></span> <span class='ocrx_word' id='word_1_127' title='bbox 1300 1004 1401 1033; x_wconf 82' lang='lat' dir='ltr'>omnia</span> <span class='ocrx_word' id='word_1_128' title='bbox 1413 1003 1476 1032; x_wconf 72' lang='lat' dir='ltr'><strong>haec</strong></span> <span class='ocrx_word' id='word_1_129' title='bbox 1491 1002 1556 1031; x_wconf 79' lang='lat' dir='ltr'><strong>vult</strong></span> <span class='ocrx_word' id='word_1_130' title='bbox 1569 1001 1704 1035; x_wconf 76' lang='lat' dir='ltr'><strong>recitare,</strong></span> 
     </span>
     <span class='ocr_line' id='line_1_30' title="bbox 1059 1049 1600 1086; baseline -0.009 -4"><span class='ocrx_word' id='word_1_131' title='bbox 1059 1056 1089 1083; x_wconf 87' lang='lat' dir='ltr'><strong>ln</strong></span> <span class='ocrx_word' id='word_1_132' title='bbox 1106 1053 1146 1081; x_wconf 83' lang='lat' dir='ltr'><strong>tui</strong></span> <span class='ocrx_word' id='word_1_133' title='bbox 1162 1052 1318 1086; x_wconf 78' lang='lat' dir='ltr'><strong>memoria,</strong></span> <span class='ocrx_word' id='word_1_134' title='bbox 1333 1053 1362 1079; x_wconf 73' lang='lat' dir='ltr'><strong>et</strong></span> <span class='ocrx_word' id='word_1_135' title='bbox 1376 1053 1403 1079; x_wconf 83' lang='lat' dir='ltr'><strong>te</strong></span> <span class='ocrx_word' id='word_1_136' title='bbox 1416 1049 1600 1083; x_wconf 75' lang='lat' dir='ltr'><strong>collaudare,</strong></span> 
     </span>
     <span class='ocr_line' id='line_1_31' title="bbox 1060 1096 1592 1137; baseline -0.009 -8"><span class='ocrx_word' id='word_1_137' title='bbox 1060 1101 1198 1137; x_wconf 75' lang='lat' dir='ltr'><strong>Diguetur</strong></span> <span class='ocrx_word' id='word_1_138' title='bbox 1210 1099 1239 1127; x_wconf 91' lang='lat' dir='ltr'><strong>iu</strong></span> <span class='ocrx_word' id='word_1_139' title='bbox 1255 1098 1351 1134; x_wconf 82' lang='lat' dir='ltr'>gloria</span> <span class='ocrx_word' id='word_1_140' title='bbox 1365 1105 1420 1126; x_wconf 80' lang='lat' dir='ltr'><strong>sua</strong></span> <span class='ocrx_word' id='word_1_141' title='bbox 1434 1096 1592 1126; x_wconf 79' lang='lat' dir='ltr'><strong>collocare.</strong></span> 
     </span>
    </p>
   </div>
  </div>
 </body>
</html>
