<?xml version="1.0" encoding="UTF-8"?>
<!DOCTYPE html PUBLIC "-//W3C//DTD XHTML 1.0 Transitional//EN"
    "http://www.w3.org/TR/xhtml1/DTD/xhtml1-transitional.dtd">
<html xmlns="http://www.w3.org/1999/xhtml" xml:lang="en" lang="en">
 <head>
  <title>
</title>
<meta http-equiv="Content-Type" content="text/html;charset=utf-8" />
  <meta name='ocr-system' content='tesseract 3.04.00' />
  <meta name='ocr-capabilities' content='ocr_page ocr_carea ocr_par ocr_line ocrx_word'/>
</head>
<body>
  <div class='ocr_page' id='page_1' title='image "./operaomniasixtiv14bonauoft/operaomniasixtiv14bonauoft_0178.png"; bbox 0 0 2029 3052; ppageno 0'>
   <div class='ocr_carea' id='block_1_1' title="bbox 217 159 277 189">
    <p class='ocr_par' dir='ltr' id='par_1_1' title="bbox 217 159 277 189">
     <span class='ocr_line' id='line_1_1' title="bbox 217 159 277 189; baseline -0.017 0"><span class='ocrx_word' id='word_1_1' title='bbox 217 159 277 189; x_wconf 64' lang='lat'><strong>12¹0</strong></span> 
     </span>
    </p>
   </div>
   <div class='ocr_carea' id='block_1_2' title="bbox 349 277 861 312">
    <p class='ocr_par' dir='ltr' id='par_1_2' title="bbox 349 277 861 312">
     <span class='ocr_line' id='line_1_2' title="bbox 349 277 861 312; baseline 0.002 -2"><span class='ocrx_word' id='word_1_2' title='bbox 349 277 505 311; x_wconf 84' lang='lat' dir='ltr'>PRIMA</span> <span class='ocrx_word' id='word_1_3' title='bbox 534 278 861 312; x_wconf 81' lang='lat' dir='ltr'><strong>SOLEMNITAS.</strong></span> 
     </span>
    </p>
   </div>
   <div class='ocr_carea' id='block_1_3' title="bbox 404 363 814 399">
    <p class='ocr_par' dir='ltr' id='par_1_3' title="bbox 404 363 814 399">
     <span class='ocr_line' id='line_1_3' title="bbox 404 363 814 399; baseline 0 -7"><span class='ocrx_word' id='word_1_4' title='bbox 404 364 442 392; x_wconf 75' lang='lat' dir='ltr'><strong>De</strong></span> <span class='ocrx_word' id='word_1_5' title='bbox 458 363 636 399; x_wconf 80' lang='lat' dir='ltr'><strong>Conceptione</strong></span> <span class='ocrx_word' id='word_1_6' title='bbox 649 364 732 399; x_wconf 81' lang='lat' dir='ltr'><strong>pueri</strong></span> <span class='ocrx_word' id='word_1_7' title='bbox 741 363 814 392; x_wconf 78' lang='lat' dir='ltr'><strong>Jesu.</strong></span> 
     </span>
    </p>
   </div>
   <div class='ocr_carea' id='block_1_4' title="bbox 206 442 995 2642">
    <p class='ocr_par' dir='ltr' id='par_1_4' title="bbox 206 442 995 2642">
     <span class='ocr_line' id='line_1_4' title="bbox 254 442 994 484; baseline -0.001 -9"><span class='ocrx_word' id='word_1_8' title='bbox 254 443 362 475; x_wconf 90' lang='lat' dir='ltr'><strong>Primo</strong></span> <span class='ocrx_word' id='word_1_9' title='bbox 377 443 490 484; x_wconf 87' lang='lat' dir='ltr'><strong>igitur,</strong></span> <span class='ocrx_word' id='word_1_10' title='bbox 508 443 647 483; x_wconf 79' lang='lat' dir='ltr'><strong>purgato</strong></span> <span class='ocrx_word' id='word_1_11' title='bbox 661 442 824 474; x_wconf 76' lang='lat' dir='ltr'><strong>intellectu</strong></span> <span class='ocrx_word' id='word_1_12' title='bbox 833 443 994 474; x_wconf 74' lang='lat' dir='ltr'><strong>contritio-</strong></span> 
     </span>
     <span class='ocr_line' id='line_1_5' title="bbox 214 496 995 536; baseline 0 -7"><span class='ocrx_word' id='word_1_13' title='bbox 214 497 263 529; x_wconf 86' lang='lat' dir='ltr'><strong>nis</strong></span> <span class='ocrx_word' id='word_1_14' title='bbox 277 497 416 536; x_wconf 88' lang='lat' dir='ltr'><strong>lavacro,</strong></span> <span class='ocrx_word' id='word_1_15' title='bbox 432 498 464 528; x_wconf 90' lang='lat' dir='ltr'><strong>et</strong></span> <span class='ocrx_word' id='word_1_16' title='bbox 478 496 679 528; x_wconf 72' lang='lat' dir='ltr'><strong>inflammato</strong></span> <span class='ocrx_word' id='word_1_17' title='bbox 693 498 724 528; x_wconf 89' lang='lat' dir='ltr'><strong>et</strong></span> <span class='ocrx_word' id='word_1_18' title='bbox 738 496 864 529; x_wconf 83' lang='lat' dir='ltr'><strong>elevato</strong></span> <span class='ocrx_word' id='word_1_19' title='bbox 877 497 995 529; x_wconf 79' lang='lat' dir='ltr'><strong>affectu</strong></span> 
     </span>
     <span class='ocr_line' id='line_1_6' title="bbox 211 550 992 591; baseline 0.003 -9"><span class='ocrx_word' id='word_1_20' title='bbox 211 550 388 583; x_wconf 82' lang='lat' dir='ltr'><strong>dilectionis</strong></span> <span class='ocrx_word' id='word_1_21' title='bbox 405 550 560 591; x_wconf 83' lang='lat' dir='ltr'><strong>igniculo,</strong></span> <span class='ocrx_word' id='word_1_22' title='bbox 576 550 672 582; x_wconf 82' lang='lat' dir='ltr'><strong>castis</strong></span> <span class='ocrx_word' id='word_1_23' title='bbox 686 550 946 584; x_wconf 73' lang='lat' dir='ltr'><strong>meditationibus</strong></span> <span class='ocrx_word' id='word_1_24' title='bbox 960 554 992 584; x_wconf 90' lang='lat' dir='ltr'><strong>et</strong></span> 
     </span>
     <span class='ocr_line' id='line_1_7' title="bbox 211 603 991 645; baseline 0.003 -9"><span class='ocrx_word' id='word_1_25' title='bbox 211 603 334 636; x_wconf 81' lang='lat' dir='ltr'><strong>devotis</strong></span> <span class='ocrx_word' id='word_1_26' title='bbox 352 603 602 644; x_wconf 79' lang='lat' dir='ltr'><strong>cogitationibus</strong></span> <span class='ocrx_word' id='word_1_27' title='bbox 636 605 895 645; x_wconf 83' lang='lat' dir='ltr'><strong>pertractandum</strong></span> <span class='ocrx_word' id='word_1_28' title='bbox 933 609 991 644; x_wconf 65' lang='lat' dir='ltr'><strong>ost,</strong></span> 
     </span>
     <span class='ocr_line' id='line_1_8' title="bbox 211 657 994 699; baseline 0.003 -10"><span class='ocrx_word' id='word_1_29' title='bbox 211 657 347 699; x_wconf 86' lang='lat' dir='ltr'><strong>qualiter</strong></span> <span class='ocrx_word' id='word_1_30' title='bbox 376 658 435 690; x_wconf 89' lang='lat' dir='ltr'><strong>iste</strong></span> <span class='ocrx_word' id='word_1_31' title='bbox 456 658 641 690; x_wconf 87' lang='lat' dir='ltr'><strong>benedictus</strong></span> <span class='ocrx_word' id='word_1_32' title='bbox 663 659 717 691; x_wconf 86' lang='lat' dir='ltr'><strong>Dei</strong></span> <span class='ocrx_word' id='word_1_33' title='bbox 740 659 827 691; x_wconf 81' lang='lat' dir='ltr'><strong>tilius</strong></span> <span class='ocrx_word' id='word_1_34' title='bbox 847 659 994 692; x_wconf 86' lang='lat' dir='ltr'><strong>Christus</strong></span> 
     </span>
     <span class='ocr_line' id='line_1_9' title="bbox 209 712 993 754; baseline 0.001 -10"><span class='ocrx_word' id='word_1_35' title='bbox 209 712 301 744; x_wconf 88' lang='lat' dir='ltr'><strong>Jcsus</strong></span> <span class='ocrx_word' id='word_1_36' title='bbox 315 712 356 744; x_wconf 89' lang='lat' dir='ltr'><strong>sit</strong></span> <span class='ocrx_word' id='word_1_37' title='bbox 370 721 390 744; x_wconf 90' lang='lat' dir='ltr'><strong>a</strong></span> <span class='ocrx_word' id='word_1_38' title='bbox 401 712 516 744; x_wconf 87' lang='lat' dir='ltr'><strong>devota</strong></span> <span class='ocrx_word' id='word_1_39' title='bbox 533 715 640 744; x_wconf 91' lang='lat' dir='ltr'><strong>mente</strong></span> <span class='ocrx_word' id='word_1_40' title='bbox 660 713 868 754; x_wconf 77' lang='lat' dir='ltr'><strong>spiritualiter</strong></span> <span class='ocrx_word' id='word_1_41' title='bbox 882 714 993 745; x_wconf 88' lang='lat' dir='ltr'><strong>conci-</strong></span> 
     </span>
     <span class='ocr_line' id='line_1_10' title="bbox 210 766 994 808; baseline 0.003 -11"><span class='ocrx_word' id='word_1_42' title='bbox 210 766 357 807; x_wconf 88' lang='lat' dir='ltr'><strong>piendus.</strong></span> <span class='ocrx_word' id='word_1_43' title='bbox 377 766 457 798; x_wconf 92' lang='lat' dir='ltr'><strong>Cum</strong></span> <span class='ocrx_word' id='word_1_44' title='bbox 475 767 584 799; x_wconf 87' lang='lat' dir='ltr'><strong>anima</strong></span> <span class='ocrx_word' id='word_1_45' title='bbox 604 767 731 806; x_wconf 87' lang='lat' dir='ltr'><strong>devota,</strong></span> <span class='ocrx_word' id='word_1_46' title='bbox 755 767 805 799; x_wconf 92' lang='lat' dir='ltr'><strong>vel</strong></span> <span class='ocrx_word' id='word_1_47' title='bbox 827 776 884 808; x_wconf 90' lang='lat' dir='ltr'><strong>spe</strong></span> <span class='ocrx_word' id='word_1_48' title='bbox 903 767 994 799; x_wconf 82' lang='lat' dir='ltr'><strong>coele-</strong></span> 
     </span>
     <span class='ocr_line' id='line_1_11' title="bbox 209 820 992 862; baseline 0.003 -11"><span class='ocrx_word' id='word_1_49' title='bbox 209 820 266 851; x_wconf 86' lang='lat' dir='ltr'><strong>stis</strong></span> <span class='ocrx_word' id='word_1_50' title='bbox 279 820 417 861; x_wconf 58' lang='lat' dir='ltr'><strong>praemii,</strong></span> <span class='ocrx_word' id='word_1_51' title='bbox 435 820 486 852; x_wconf 91' lang='lat' dir='ltr'><strong>vel</strong></span> <span class='ocrx_word' id='word_1_52' title='bbox 505 821 618 853; x_wconf 87' lang='lat' dir='ltr'><strong>timore</strong></span> <span class='ocrx_word' id='word_1_53' title='bbox 632 821 745 853; x_wconf 83' lang='lat' dir='ltr'><strong>aeterni</strong></span> <span class='ocrx_word' id='word_1_54' title='bbox 760 821 921 862; x_wconf 88' lang='lat' dir='ltr'><strong>supplicii,</strong></span> <span class='ocrx_word' id='word_1_55' title='bbox 941 821 992 853; x_wconf 94' lang='lat' dir='ltr'><strong>vel</strong></span> 
     </span>
     <span class='ocr_line' id='line_1_12' title="bbox 210 874 992 916; baseline 0 -10"><span class='ocrx_word' id='word_1_56' title='bbox 210 874 304 906; x_wconf 82' lang='lat' dir='ltr'><strong>taedio</strong></span> <span class='ocrx_word' id='word_1_57' title='bbox 319 875 352 906; x_wconf 92' lang='lat' dir='ltr'><strong>in</strong></span> <span class='ocrx_word' id='word_1_58' title='bbox 368 875 428 907; x_wconf 89' lang='lat' dir='ltr'><strong>hac</strong></span> <span class='ocrx_word' id='word_1_59' title='bbox 444 874 662 916; x_wconf 84' lang='lat' dir='ltr'><strong>lacrymarum</strong></span> <span class='ocrx_word' id='word_1_60' title='bbox 679 874 761 907; x_wconf 88' lang='lat' dir='ltr'><strong>valle</strong></span> <span class='ocrx_word' id='word_1_61' title='bbox 776 875 897 907; x_wconf 88' lang='lat' dir='ltr'><strong>diutius</strong></span> <span class='ocrx_word' id='word_1_62' title='bbox 907 884 992 907; x_wconf 93' lang='lat' dir='ltr'><strong>com-</strong></span> 
     </span>
     <span class='ocr_line' id='line_1_13' title="bbox 209 928 991 970; baseline 0 -10"><span class='ocrx_word' id='word_1_63' title='bbox 209 928 356 960; x_wconf 84' lang='lat' dir='ltr'><strong>morandi</strong></span> <span class='ocrx_word' id='word_1_64' title='bbox 373 930 459 960; x_wconf 85' lang='lat' dir='ltr'><strong>mota</strong></span> <span class='ocrx_word' id='word_1_65' title='bbox 482 938 518 960; x_wconf 88' lang='lat' dir='ltr'><strong>ac</strong></span> <span class='ocrx_word' id='word_1_66' title='bbox 539 928 715 966; x_wconf 87' lang='lat' dir='ltr'><strong>stimulata,</strong></span> <span class='ocrx_word' id='word_1_67' title='bbox 738 929 831 960; x_wconf 90' lang='lat' dir='ltr'><strong>novis</strong></span> <span class='ocrx_word' id='word_1_68' title='bbox 852 929 991 970; x_wconf 87' lang='lat' dir='ltr'><strong>inspira-</strong></span> 
     </span>
     <span class='ocr_line' id='line_1_14' title="bbox 208 982 990 1022; baseline 0.003 -9"><span class='ocrx_word' id='word_1_69' title='bbox 208 982 350 1014; x_wconf 83' lang='lat' dir='ltr'><strong>tionibus</strong></span> <span class='ocrx_word' id='word_1_70' title='bbox 371 982 531 1022; x_wconf 79' lang='lat' dir='ltr'><strong>visitatur,</strong></span> <span class='ocrx_word' id='word_1_71' title='bbox 556 983 674 1014; x_wconf 82' lang='lat' dir='ltr'><strong>sanetis</strong></span> <span class='ocrx_word' id='word_1_72' title='bbox 695 982 920 1015; x_wconf 77' lang='lat' dir='ltr'><strong>affectionibus</strong></span> <span class='ocrx_word' id='word_1_73' title='bbox 935 983 990 1015; x_wconf 89' lang='lat' dir='ltr'><strong>in-</strong></span> 
     </span>
     <span class='ocr_line' id='line_1_15' title="bbox 208 1037 992 1076; baseline 0.004 -9"><span class='ocrx_word' id='word_1_74' title='bbox 208 1037 404 1076; x_wconf 85' lang='lat' dir='ltr'><strong>flammatur,</strong></span> <span class='ocrx_word' id='word_1_75' title='bbox 419 1037 680 1069; x_wconf 86' lang='lat' dir='ltr'><strong>meditationibus</strong></span> <span class='ocrx_word' id='word_1_76' title='bbox 692 1037 874 1069; x_wconf 83' lang='lat' dir='ltr'><strong>coelestibus</strong></span> <span class='ocrx_word' id='word_1_77' title='bbox 882 1038 992 1070; x_wconf 82' lang='lat' dir='ltr'><strong>anxia-</strong></span> 
     </span>
     <span class='ocr_line' id='line_1_16' title="bbox 208 1091 990 1133; baseline 0.001 -11"><span class='ocrx_word' id='word_1_78' title='bbox 208 1093 281 1130; x_wconf 88' lang='lat' dir='ltr'><strong>tur;</strong></span> <span class='ocrx_word' id='word_1_79' title='bbox 298 1094 328 1123; x_wconf 87' lang='lat' dir='ltr'><strong>et</strong></span> <span class='ocrx_word' id='word_1_80' title='bbox 349 1091 477 1123; x_wconf 86' lang='lat' dir='ltr'><strong>tandem</strong></span> <span class='ocrx_word' id='word_1_81' title='bbox 494 1091 625 1131; x_wconf 87' lang='lat' dir='ltr'><strong>abjectis</strong></span> <span class='ocrx_word' id='word_1_82' title='bbox 645 1094 676 1123; x_wconf 89' lang='lat' dir='ltr'><strong>et</strong></span> <span class='ocrx_word' id='word_1_83' title='bbox 700 1091 856 1133; x_wconf 77' lang='lat' dir='ltr'><strong>despectis</strong></span> <span class='ocrx_word' id='word_1_84' title='bbox 872 1092 990 1124; x_wconf 89' lang='lat' dir='ltr'><strong>veteri-</strong></span> 
     </span>
     <span class='ocr_line' id='line_1_17' title="bbox 207 1145 992 1185; baseline 0.001 -9"><span class='ocrx_word' id='word_1_85' title='bbox 207 1145 269 1176; x_wconf 89' lang='lat' dir='ltr'><strong>bus</strong></span> <span class='ocrx_word' id='word_1_86' title='bbox 290 1145 463 1176; x_wconf 80' lang='lat' dir='ltr'><strong>defectibus</strong></span> <span class='ocrx_word' id='word_1_87' title='bbox 484 1147 515 1176; x_wconf 88' lang='lat' dir='ltr'><strong>et</strong></span> <span class='ocrx_word' id='word_1_88' title='bbox 539 1145 680 1185; x_wconf 87' lang='lat' dir='ltr'><strong>pristinis</strong></span> <span class='ocrx_word' id='word_1_89' title='bbox 704 1145 878 1184; x_wconf 81' lang='lat' dir='ltr'><strong>desideriis,</strong></span> <span class='ocrx_word' id='word_1_90' title='bbox 906 1155 992 1177; x_wconf 90' lang='lat' dir='ltr'><strong>novo</strong></span> 
     </span>
     <span class='ocr_line' id='line_1_18' title="bbox 207 1198 989 1240; baseline 0.003 -10"><span class='ocrx_word' id='word_1_91' title='bbox 207 1199 335 1231; x_wconf 87' lang='lat' dir='ltr'><strong>vivendi</strong></span> <span class='ocrx_word' id='word_1_92' title='bbox 354 1199 516 1240; x_wconf 84' lang='lat' dir='ltr'><strong>proposito</strong></span> <span class='ocrx_word' id='word_1_93' title='bbox 531 1207 552 1231; x_wconf 89' lang='grc' dir='ltr'><em>α</em></span> <span class='ocrx_word' id='word_1_94' title='bbox 568 1199 662 1231; x_wconf 81' lang='lat' dir='ltr'><strong>Patre</strong></span> <span class='ocrx_word' id='word_1_95' title='bbox 678 1198 852 1238; x_wconf 80' lang='lat' dir='ltr'><strong>luminum,</strong></span> <span class='ocrx_word' id='word_1_96' title='bbox 869 1208 890 1232; x_wconf 87' lang='lat' dir='ltr'><strong>a</strong></span> <span class='ocrx_word' id='word_1_97' title='bbox 904 1208 966 1240; x_wconf 77' lang='lat' dir='ltr'><strong>quo</strong></span> <span class='ocrx_word' id='word_1_98' title='bbox 982 1201 989 1216; x_wconf 89' lang='lat'><strong>¹</strong></span> 
     </span>
     <span class='ocr_line' id='line_1_19' title="bbox 207 1252 990 1293; baseline 0.001 -10"><span class='ocrx_word' id='word_1_99' title='bbox 207 1260 297 1284; x_wconf 79' lang='lat' dir='ltr'><strong>omne</strong></span> <span class='ocrx_word' id='word_1_100' title='bbox 312 1252 432 1285; x_wconf 80' lang='lat' dir='ltr'><strong>donum</strong></span> <span class='ocrx_word' id='word_1_101' title='bbox 449 1253 620 1293; x_wconf 78' lang='lat' dir='ltr'><strong>optimum,</strong></span> <span class='ocrx_word' id='word_1_102' title='bbox 635 1256 664 1285; x_wconf 78' lang='lat' dir='ltr'><strong>et</strong></span> <span class='ocrx_word' id='word_1_103' title='bbox 681 1252 793 1285; x_wconf 78' lang='lat' dir='ltr'><strong>dacum</strong></span> <span class='ocrx_word' id='word_1_104' title='bbox 805 1253 990 1293; x_wconf 74' lang='lat' dir='ltr'><strong>perfectum,</strong></span> 
     </span>
     <span class='ocr_line' id='line_1_20' title="bbox 206 1306 990 1347; baseline 0.001 -11"><span class='ocrx_word' id='word_1_105' title='bbox 206 1306 414 1346; x_wconf 80' lang='lat' dir='ltr'><strong>spiritualiter</strong></span> <span class='ocrx_word' id='word_1_106' title='bbox 425 1306 539 1347; x_wconf 86' lang='lat' dir='ltr'><strong>spiritu</strong></span> <span class='ocrx_word' id='word_1_107' title='bbox 553 1306 668 1346; x_wconf 71' lang='lat' dir='ltr'><strong>gratia}</strong></span> <span class='ocrx_word' id='word_1_108' title='bbox 681 1306 896 1345; x_wconf 58' lang='lat' dir='ltr'><strong>stet-undarum</strong></span> <span class='ocrx_word' id='word_1_109' title='bbox 914 1307 990 1347; x_wconf 82' lang='lat' dir='ltr'><strong>quid</strong></span> 
     </span>
     <span class='ocr_line' id='line_1_21' title="bbox 206 1360 988 1401; baseline 0.001 -10"><span class='ocrx_word' id='word_1_110' title='bbox 206 1360 292 1391; x_wconf 90' lang='lat' dir='ltr'><strong>aliud</strong></span> <span class='ocrx_word' id='word_1_111' title='bbox 309 1361 428 1400; x_wconf 82' lang='lat' dir='ltr'><strong>agitur,</strong></span> <span class='ocrx_word' id='word_1_112' title='bbox 446 1370 544 1401; x_wconf 86' lang='lat' dir='ltr'><strong>quam</strong></span> <span class='ocrx_word' id='word_1_113' title='bbox 560 1361 644 1400; x_wconf 81' lang='lat' dir='ltr'><strong>quod</strong></span> <span class='ocrx_word' id='word_1_114' title='bbox 660 1361 909 1401; x_wconf 76' lang='lat' dir='ltr'><strong>superveniente</strong></span> <span class='ocrx_word' id='word_1_115' title='bbox 923 1362 988 1392; x_wconf 91' lang='lat' dir='ltr'><strong>vir-</strong></span> 
     </span>
     <span class='ocr_line' id='line_1_22' title="bbox 209 1415 991 1452; baseline 0 -6"><span class='ocrx_word' id='word_1_116' title='bbox 209 1417 274 1446; x_wconf 88' lang='lat' dir='ltr'><strong>tute</strong></span> <span class='ocrx_word' id='word_1_117' title='bbox 290 1415 456 1452; x_wconf 80' lang='lat' dir='ltr'><strong>Altissimi,</strong></span> <span class='ocrx_word' id='word_1_118' title='bbox 479 1417 510 1445; x_wconf 81' lang='lat' dir='ltr'><strong>et</strong></span> <span class='ocrx_word' id='word_1_119' title='bbox 525 1415 771 1446; x_wconf 69' lang='lat' dir='ltr'><strong>obumbratione</strong></span> <span class='ocrx_word' id='word_1_120' title='bbox 786 1415 922 1446; x_wconf 72' lang='lat' dir='ltr'><strong>cwlestis</strong></span> <span class='ocrx_word' id='word_1_121' title='bbox 938 1425 991 1446; x_wconf 87' lang='lat' dir='ltr'><strong>re-</strong></span> 
     </span>
     <span class='ocr_line' id='line_1_23' title="bbox 209 1468 988 1509; baseline 0.003 -11"><span class='ocrx_word' id='word_1_122' title='bbox 209 1468 343 1507; x_wconf 82' lang='lat' dir='ltr'><strong>frigerii,</strong></span> <span class='ocrx_word' id='word_1_123' title='bbox 373 1468 516 1499; x_wconf 61' lang='lat' dir='ltr'><strong>carnales</strong></span> <span class='ocrx_word' id='word_1_124' title='bbox 539 1469 814 1509; x_wconf 78' lang='lat' dir='ltr'><strong>concupiscentias</strong></span> <span class='ocrx_word' id='word_1_125' title='bbox 843 1469 988 1508; x_wconf 72' lang='lat' dir='ltr'><strong>mitigat,</strong></span> 
     </span>
     <span class='ocr_line' id='line_1_24' title="bbox 209 1521 993 1554; baseline 0.003 -2"><span class='ocrx_word' id='word_1_126' title='bbox 209 1521 364 1552; x_wconf 81' lang='lat' dir='ltr'><strong>mentales</strong></span> <span class='ocrx_word' id='word_1_127' title='bbox 390 1522 499 1553; x_wconf 80' lang='lat' dir='ltr'><strong>oeulos</strong></span> <span class='ocrx_word' id='word_1_128' title='bbox 519 1522 557 1553; x_wconf 82' lang='lat' dir='ltr'><strong>ad</strong></span> <span class='ocrx_word' id='word_1_129' title='bbox 584 1522 757 1554; x_wconf 71' lang='lat' dir='ltr'><strong>videndum</strong></span> <span class='ocrx_word' id='word_1_130' title='bbox 781 1524 937 1554; x_wconf 80' lang='lat' dir='ltr'><strong>confortat</strong></span> <span class='ocrx_word' id='word_1_131' title='bbox 960 1526 993 1554; x_wconf 87' lang='lat' dir='ltr'><strong>et</strong></span> 
     </span>
     <span class='ocr_line' id='line_1_25' title="bbox 208 1575 989 1617; baseline 0.004 -12"><span class='ocrx_word' id='word_1_132' title='bbox 208 1576 350 1615; x_wconf 80' lang='lat' dir='ltr'><strong>adjuvat,</strong></span> <span class='ocrx_word' id='word_1_133' title='bbox 370 1575 462 1607; x_wconf 87' lang='lat' dir='ltr'><strong>Pater</strong></span> <span class='ocrx_word' id='word_1_134' title='bbox 481 1576 619 1608; x_wconf 83' lang='lat' dir='ltr'><strong>coelestis</strong></span> <span class='ocrx_word' id='word_1_135' title='bbox 644 1577 756 1608; x_wconf 85' lang='lat' dir='ltr'><strong>divino</strong></span> <span class='ocrx_word' id='word_1_136' title='bbox 777 1577 917 1617; x_wconf 80' lang='lat' dir='ltr'><strong>quodam</strong></span> <span class='ocrx_word' id='word_1_137' title='bbox 941 1587 989 1608; x_wconf 87' lang='lat' dir='ltr'><strong>se-</strong></span> 
     </span>
     <span class='ocr_line' id='line_1_26' title="bbox 210 1630 990 1669; baseline 0.001 -8"><span class='ocrx_word' id='word_1_138' title='bbox 210 1630 298 1661; x_wconf 84' lang='lat' dir='ltr'><strong>mine</strong></span> <span class='ocrx_word' id='word_1_139' title='bbox 313 1630 455 1661; x_wconf 86' lang='lat' dir='ltr'><strong>animam</strong></span> <span class='ocrx_word' id='word_1_140' title='bbox 472 1631 642 1669; x_wconf 80' lang='lat' dir='ltr'><strong>gravidam</strong></span> <span class='ocrx_word' id='word_1_141' title='bbox 664 1631 736 1662; x_wconf 76' lang='lat' dir='ltr'><strong>sarit</strong></span> <span class='ocrx_word' id='word_1_142' title='bbox 757 1634 787 1662; x_wconf 79' lang='lat' dir='ltr'><strong>et</strong></span> <span class='ocrx_word' id='word_1_143' title='bbox 809 1632 990 1663; x_wconf 64' lang='lat' dir='ltr'><strong>foecundat?</strong></span> 
     </span>
     <span class='ocr_line' id='line_1_27' title="bbox 213 1684 992 1726; baseline 0.001 -11"><span class='ocrx_word' id='word_1_144' title='bbox 213 1684 284 1715; x_wconf 75' lang='lat' dir='ltr'><strong>Post</strong></span> <span class='ocrx_word' id='word_1_145' title='bbox 299 1685 385 1715; x_wconf 91' lang='lat' dir='ltr'><strong>hunc</strong></span> <span class='ocrx_word' id='word_1_146' title='bbox 400 1687 589 1725; x_wconf 70' lang='lat' dir='ltr'><strong>conceptum</strong></span> <span class='ocrx_word' id='word_1_147' title='bbox 610 1685 878 1724; x_wconf 74' lang='lat' dir='ltr'><strong>sacratissimum,</strong></span> <span class='ocrx_word' id='word_1_148' title='bbox 897 1686 992 1726; x_wconf 79' lang='lat' dir='ltr'><strong>pallet</strong></span> 
     </span>
     <span class='ocr_line' id='line_1_28' title="bbox 212 1738 992 1778; baseline 0.004 -10"><span class='ocrx_word' id='word_1_149' title='bbox 212 1738 242 1768; x_wconf 94' lang='lat' dir='ltr'><strong>in</strong></span> <span class='ocrx_word' id='word_1_150' title='bbox 259 1738 336 1769; x_wconf 80' lang='lat' dir='ltr'><strong>faeie</strong></span> <span class='ocrx_word' id='word_1_151' title='bbox 351 1747 407 1778; x_wconf 78' lang='lat' dir='ltr'><strong>per</strong></span> <span class='ocrx_word' id='word_1_152' title='bbox 423 1748 532 1769; x_wconf 81' lang='lat' dir='ltr'><strong>veram</strong></span> <span class='ocrx_word' id='word_1_153' title='bbox 550 1739 765 1770; x_wconf 82' lang='lat' dir='ltr'><strong>humilitatem</strong></span> <span class='ocrx_word' id='word_1_154' title='bbox 778 1740 810 1770; x_wconf 93' lang='lat' dir='ltr'><strong>in</strong></span> <span class='ocrx_word' id='word_1_155' title='bbox 824 1750 992 1771; x_wconf 74' lang='lat' dir='ltr'><strong>conversa-</strong></span> 
     </span>
     <span class='ocr_line' id='line_1_29' title="bbox 213 1791 991 1834; baseline 0.005 -13"><span class='ocrx_word' id='word_1_156' title='bbox 213 1791 316 1830; x_wconf 87' lang='lat' dir='ltr'><strong>tione;</strong></span> <span class='ocrx_word' id='word_1_157' title='bbox 348 1792 510 1823; x_wconf 82' lang='lat' dir='ltr'><strong>fastidium</strong></span> <span class='ocrx_word' id='word_1_158' title='bbox 533 1793 594 1824; x_wconf 87' lang='lat' dir='ltr'><strong>eibi</strong></span> <span class='ocrx_word' id='word_1_159' title='bbox 621 1796 651 1824; x_wconf 88' lang='lat' dir='ltr'><strong>et</strong></span> <span class='ocrx_word' id='word_1_160' title='bbox 677 1796 770 1834; x_wconf 77' lang='lat' dir='ltr'><strong>potus</strong></span> <span class='ocrx_word' id='word_1_161' title='bbox 795 1795 929 1834; x_wconf 61' lang='lat' dir='ltr'><strong>concipit</strong></span> <span class='ocrx_word' id='word_1_162' title='bbox 960 1795 991 1826; x_wconf 95' lang='lat' dir='ltr'><strong>in</strong></span> 
     </span>
     <span class='ocr_line' id='line_1_30' title="bbox 212 1845 989 1889; baseline 0.006 -14"><span class='ocrx_word' id='word_1_163' title='bbox 212 1847 328 1883; x_wconf 84' lang='lat' dir='ltr'><strong>mente,</strong></span> <span class='ocrx_word' id='word_1_164' title='bbox 355 1845 497 1886; x_wconf 76' lang='lat' dir='ltr'><strong>plenario</strong></span> <span class='ocrx_word' id='word_1_165' title='bbox 519 1847 733 1879; x_wconf 79' lang='lat' dir='ltr'><strong>mundialium</strong></span> <span class='ocrx_word' id='word_1_166' title='bbox 754 1851 939 1889; x_wconf 88' lang='lat' dir='ltr'><strong>contemptu</strong></span> <span class='ocrx_word' id='word_1_167' title='bbox 960 1852 989 1880; x_wconf 86' lang='lat' dir='ltr'><strong>et</strong></span> 
     </span>
     <span class='ocr_line' id='line_1_31' title="bbox 210 1899 992 1938; baseline 0.008 -10"><span class='ocrx_word' id='word_1_168' title='bbox 210 1899 402 1938; x_wconf 73' lang='lat' dir='ltr'><strong>abJectione;</strong></span> <span class='ocrx_word' id='word_1_169' title='bbox 421 1900 579 1931; x_wconf 81' lang='lat' dir='ltr'><strong>desideria</strong></span> <span class='ocrx_word' id='word_1_170' title='bbox 595 1901 761 1932; x_wconf 75' lang='lat' dir='ltr'><strong>variantur</strong></span> <span class='ocrx_word' id='word_1_171' title='bbox 778 1902 808 1933; x_wconf 93' lang='lat' dir='ltr'><strong>in</strong></span> <span class='ocrx_word' id='word_1_172' title='bbox 824 1903 992 1934; x_wconf 85' lang='lat' dir='ltr'><strong>atl&#39;eetione</strong></span> 
     </span>
     <span class='ocr_line' id='line_1_32' title="bbox 210 1953 990 1996; baseline 0.005 -13"><span class='ocrx_word' id='word_1_173' title='bbox 210 1962 249 1983; x_wconf 81' lang='lat' dir='ltr'><strong>ex</strong></span> <span class='ocrx_word' id='word_1_174' title='bbox 267 1953 471 1984; x_wconf 81' lang='lat' dir='ltr'><strong>diversorum</strong></span> <span class='ocrx_word' id='word_1_175' title='bbox 488 1954 647 1986; x_wconf 84' lang='lat' dir='ltr'><strong>bonorum</strong></span> <span class='ocrx_word' id='word_1_176' title='bbox 665 1956 825 1996; x_wconf 76' lang='lat' dir='ltr'><strong>proposita</strong></span> <span class='ocrx_word' id='word_1_177' title='bbox 842 1957 990 1987; x_wconf 77' lang='lat' dir='ltr'><strong>intentio-</strong></span> 
     </span>
     <span class='ocr_line' id='line_1_33' title="bbox 211 2007 992 2049; baseline 0.006 -13"><span class='ocrx_word' id='word_1_178' title='bbox 211 2016 268 2044; x_wconf 81' lang='lat' dir='ltr'><strong>ne.;</strong></span> <span class='ocrx_word' id='word_1_179' title='bbox 286 2007 458 2047; x_wconf 80' lang='lat' dir='ltr'><strong>aliquando</strong></span> <span class='ocrx_word' id='word_1_180' title='bbox 475 2008 569 2039; x_wconf 78' lang='lat' dir='ltr'><strong>etiam</strong></span> <span class='ocrx_word' id='word_1_181' title='bbox 592 2009 749 2040; x_wconf 85' lang='lat' dir='ltr'><strong>intirmari</strong></span> <span class='ocrx_word' id='word_1_182' title='bbox 774 2013 801 2040; x_wconf 84' lang='lat' dir='ltr'><strong>et</strong></span> <span class='ocrx_word' id='word_1_183' title='bbox 830 2014 992 2049; x_wconf 67' lang='lat' dir='ltr'><strong>:egrotare</strong></span> 
     </span>
     <span class='ocr_line' id='line_1_34' title="bbox 211 2060 989 2103; baseline 0.006 -13"><span class='ocrx_word' id='word_1_184' title='bbox 211 2060 321 2100; x_wconf 79' lang='lat' dir='ltr'><strong>incipit</strong></span> <span class='ocrx_word' id='word_1_185' title='bbox 347 2061 455 2092; x_wconf 78' lang='lat' dir='ltr'><strong>anima</strong></span> <span class='ocrx_word' id='word_1_186' title='bbox 479 2062 509 2092; x_wconf 91' lang='lat' dir='ltr'><strong>in</strong></span> <span class='ocrx_word' id='word_1_187' title='bbox 537 2063 674 2102; x_wconf 69' lang='lat' dir='ltr'><strong>proprize</strong></span> <span class='ocrx_word' id='word_1_188' title='bbox 701 2063 872 2094; x_wconf 73' lang='lat' dir='ltr'><strong>voluntatis</strong></span> <span class='ocrx_word' id='word_1_189' title='bbox 902 2064 989 2103; x_wconf 54' lang='lat' dir='ltr'><strong>alfle-</strong></span> 
     </span>
     <span class='ocr_line' id='line_1_35' title="bbox 210 2114 990 2149; baseline 0.006 -6"><span class='ocrx_word' id='word_1_190' title='bbox 210 2114 323 2144; x_wconf 71' lang='lat' dir='ltr'><strong>ctione.</strong></span> <span class='ocrx_word' id='word_1_191' title='bbox 340 2114 410 2145; x_wconf 73' lang='lat' dir='ltr'><strong>lam</strong></span> <span class='ocrx_word' id='word_1_192' title='bbox 426 2115 511 2145; x_wconf 86' lang='lat' dir='ltr'><strong>enim</strong></span> <span class='ocrx_word' id='word_1_193' title='bbox 524 2115 639 2146; x_wconf 74' lang='lat' dir='ltr'><strong>incedit</strong></span> <span class='ocrx_word' id='word_1_194' title='bbox 651 2116 748 2147; x_wconf 78' lang='lat' dir='ltr'><strong>tristis</strong></span> <span class='ocrx_word' id='word_1_195' title='bbox 761 2119 790 2147; x_wconf 84' lang='lat' dir='ltr'><strong>et</strong></span> <span class='ocrx_word' id='word_1_196' title='bbox 803 2118 990 2149; x_wconf 78' lang='lat' dir='ltr'><strong>turbulenta</strong></span> 
     </span>
     <span class='ocr_line' id='line_1_36' title="bbox 211 2169 989 2210; baseline 0.005 -12"><span class='ocrx_word' id='word_1_197' title='bbox 211 2170 337 2208; x_wconf 84' lang='lat' dir='ltr'><strong>propter</strong></span> <span class='ocrx_word' id='word_1_198' title='bbox 352 2170 492 2199; x_wconf 70' lang='lat' dir='ltr'><strong>veterem</strong></span> <span class='ocrx_word' id='word_1_199' title='bbox 505 2169 693 2200; x_wconf 69' lang='lat' dir='ltr'><strong>delictorum</strong></span> <span class='ocrx_word' id='word_1_200' title='bbox 707 2172 989 2210; x_wconf 62' lang='lat' dir='ltr'><strong>perpetrationem,</strong></span> 
     </span>
     <span class='ocr_line' id='line_1_37' title="bbox 211 2222 987 2263; baseline 0.005 -11"><span class='ocrx_word' id='word_1_201' title='bbox 211 2230 268 2261; x_wconf 84' lang='lat' dir='ltr'><strong>pro</strong></span> <span class='ocrx_word' id='word_1_202' title='bbox 284 2222 437 2262; x_wconf 82' lang='lat' dir='ltr'><strong>temporis</strong></span> <span class='ocrx_word' id='word_1_203' title='bbox 454 2223 637 2261; x_wconf 66' lang='lat' dir='ltr'><strong>(missione,</strong></span> <span class='ocrx_word' id='word_1_204' title='bbox 660 2233 716 2263; x_wconf 87' lang='lat' dir='ltr'><strong>pro</strong></span> <span class='ocrx_word' id='word_1_205' title='bbox 740 2224 909 2255; x_wconf 86' lang='lat' dir='ltr'><strong>hominum</strong></span> <span class='ocrx_word' id='word_1_206' title='bbox 933 2226 987 2256; x_wconf 66' lang='lat' dir='ltr'><strong>atl-</strong></span> 
     </span>
     <span class='ocr_line' id='line_1_38' title="bbox 210 2275 991 2317; baseline 0.006 -12"><span class='ocrx_word' id='word_1_207' title='bbox 210 2275 274 2306; x_wconf 91' lang='lat' dir='ltr'><strong>huc</strong></span> <span class='ocrx_word' id='word_1_208' title='bbox 290 2275 322 2306; x_wconf 90' lang='lat' dir='ltr'><strong>in</strong></span> <span class='ocrx_word' id='word_1_209' title='bbox 338 2276 460 2307; x_wconf 85' lang='lat' dir='ltr'><strong>mundo</strong></span> <span class='ocrx_word' id='word_1_210' title='bbox 477 2277 682 2317; x_wconf 75' lang='lat' dir='ltr'><strong>mundialiter</strong></span> <span class='ocrx_word' id='word_1_211' title='bbox 698 2278 876 2309; x_wconf 84' lang='lat' dir='ltr'><strong>viventium</strong></span> <span class='ocrx_word' id='word_1_212' title='bbox 894 2280 991 2310; x_wconf 81' lang='lat' dir='ltr'><strong>socie-</strong></span> 
     </span>
     <span class='ocr_line' id='line_1_39' title="bbox 212 2330 991 2372; baseline 0.005 -13"><span class='ocrx_word' id='word_1_213' title='bbox 212 2331 273 2361; x_wconf 78' lang='lat' dir='ltr'><strong>tate</strong></span> <span class='ocrx_word' id='word_1_214' title='bbox 293 2332 323 2361; x_wconf 85' lang='lat' dir='ltr'><strong>et</strong></span> <span class='ocrx_word' id='word_1_215' title='bbox 347 2330 600 2361; x_wconf 76' lang='lat' dir='ltr'><strong>conversatione.</strong></span> <span class='ocrx_word' id='word_1_216' title='bbox 623 2331 693 2361; x_wconf 81' lang='lat' dir='ltr'><strong>Jam</strong></span> <span class='ocrx_word' id='word_1_217' title='bbox 715 2332 867 2372; x_wconf 72' lang='lat' dir='ltr'><strong>paulatim</strong></span> <span class='ocrx_word' id='word_1_218' title='bbox 890 2343 991 2372; x_wconf 74' lang='lat' dir='ltr'><strong>grave</strong></span> 
     </span>
     <span class='ocr_line' id='line_1_40' title="bbox 210 2385 990 2427; baseline 0.004 -12"><span class='ocrx_word' id='word_1_219' title='bbox 210 2387 241 2415; x_wconf 89' lang='lat' dir='ltr'><strong>et</strong></span> <span class='ocrx_word' id='word_1_220' title='bbox 265 2385 434 2417; x_wconf 65' lang='lat' dir='ltr'><strong>taediosum</strong></span> <span class='ocrx_word' id='word_1_221' title='bbox 462 2385 571 2425; x_wconf 79' lang='lat' dir='ltr'><strong>incipit</strong></span> <span class='ocrx_word' id='word_1_222' title='bbox 598 2395 666 2416; x_wconf 76' lang='lat' dir='ltr'><strong>esse</strong></span> <span class='ocrx_word' id='word_1_223' title='bbox 692 2396 786 2417; x_wconf 80' lang='lat' dir='ltr'><strong>omne</strong></span> <span class='ocrx_word' id='word_1_224' title='bbox 809 2388 895 2427; x_wconf 82' lang='lat' dir='ltr'><strong>quod</strong></span> <span class='ocrx_word' id='word_1_225' title='bbox 916 2388 990 2418; x_wconf 80' lang='lat' dir='ltr'><strong>soris</strong></span> 
     </span>
     <span class='ocr_line' id='line_1_41' title="bbox 210 2439 988 2481; baseline 0.003 -11"><span class='ocrx_word' id='word_1_226' title='bbox 210 2441 274 2477; x_wconf 76' lang='lat' dir='ltr'><strong>cst,</strong></span> <span class='ocrx_word' id='word_1_227' title='bbox 293 2442 323 2470; x_wconf 85' lang='lat' dir='ltr'><strong>et</strong></span> <span class='ocrx_word' id='word_1_228' title='bbox 341 2440 416 2470; x_wconf 78' lang='lat' dir='ltr'><strong>soris</strong></span> <span class='ocrx_word' id='word_1_229' title='bbox 431 2439 586 2476; x_wconf 85' lang='lat' dir='ltr'><strong>cernitur,</strong></span> <span class='ocrx_word' id='word_1_230' title='bbox 603 2439 688 2479; x_wconf 84' lang='lat' dir='ltr'><strong>quod</strong></span> <span class='ocrx_word' id='word_1_231' title='bbox 707 2440 792 2470; x_wconf 79' lang='lat' dir='ltr'><strong>intus</strong></span> <span class='ocrx_word' id='word_1_232' title='bbox 806 2441 988 2481; x_wconf 78' lang='lat' dir='ltr'><strong>percipitur,</strong></span> 
     </span>
     <span class='ocr_line' id='line_1_42' title="bbox 209 2492 990 2534; baseline 0.004 -11"><span class='ocrx_word' id='word_1_233' title='bbox 209 2495 240 2523; x_wconf 89' lang='lat' dir='ltr'><strong>et</strong></span> <span class='ocrx_word' id='word_1_234' title='bbox 261 2493 400 2524; x_wconf 79' lang='lat' dir='ltr'><strong>auditur.</strong></span> <span class='ocrx_word' id='word_1_235' title='bbox 427 2492 450 2525; x_wconf 88' lang='lat' dir='ltr'>O</span> <span class='ocrx_word' id='word_1_236' title='bbox 474 2493 549 2524; x_wconf 83' lang='lat' dir='ltr'><strong>felix</strong></span> <span class='ocrx_word' id='word_1_237' title='bbox 577 2495 764 2533; x_wconf 80' lang='lat' dir='ltr'><strong>c011ceptus,</strong></span> <span class='ocrx_word' id='word_1_238' title='bbox 791 2504 887 2534; x_wconf 77' lang='lat' dir='ltr'><strong>quem</strong></span> <span class='ocrx_word' id='word_1_239' title='bbox 918 2496 990 2526; x_wconf 73' lang='lat' dir='ltr'><strong>talis</strong></span> 
     </span>
     <span class='ocr_line' id='line_1_43' title="bbox 210 2547 989 2587; baseline 0.005 -10"><span class='ocrx_word' id='word_1_240' title='bbox 210 2547 356 2587; x_wconf 87' lang='lat' dir='ltr'><strong>sequitur</strong></span> <span class='ocrx_word' id='word_1_241' title='bbox 383 2547 494 2578; x_wconf 89' lang='lat' dir='ltr'><strong>mundi</strong></span> <span class='ocrx_word' id='word_1_242' title='bbox 517 2549 730 2587; x_wconf 77' lang='lat' dir='ltr'><strong>contemptus,</strong></span> <span class='ocrx_word' id='word_1_243' title='bbox 758 2550 788 2578; x_wconf 88' lang='lat' dir='ltr'><strong>et</strong></span> <span class='ocrx_word' id='word_1_244' title='bbox 812 2549 989 2581; x_wconf 62' lang='lat' dir='ltr'><strong>coelestium</strong></span> 
     </span>
     <span class='ocr_line' id='line_1_44' title="bbox 209 2601 988 2642; baseline 0.005 -11"><span class='ocrx_word' id='word_1_245' title='bbox 209 2601 431 2641; x_wconf 81' lang='lat' dir='ltr'><strong>operationum</strong></span> <span class='ocrx_word' id='word_1_246' title='bbox 446 2602 622 2642; x_wconf 79' lang='lat' dir='ltr'><strong>appetitus!</strong></span> <span class='ocrx_word' id='word_1_247' title='bbox 636 2601 707 2632; x_wconf 80' lang='lat' dir='ltr'><strong>Jam</strong></span> <span class='ocrx_word' id='word_1_248' title='bbox 721 2603 871 2642; x_wconf 77' lang='lat' dir='ltr'><strong>quamvis</strong></span> <span class='ocrx_word' id='word_1_249' title='bbox 882 2604 988 2635; x_wconf 85' lang='lat' dir='ltr'><strong>adhue</strong></span> 
     </span>
    </p>
   </div>
   <div class='ocr_carea' id='block_1_5' title="bbox 243 2664 988 2697">
    <p class='ocr_par' dir='ltr' id='par_1_5' title="bbox 243 2664 988 2697">
     <span class='ocr_line' id='line_1_45' title="bbox 243 2664 988 2697; baseline 0.007 -10"><span class='ocrx_word' id='word_1_250' title='bbox 243 2665 248 2680; x_wconf 84' lang='lat'><strong>¹</strong></span> <span class='ocrx_word' id='word_1_251' title='bbox 264 2664 326 2689; x_wconf 73' lang='lat' dir='ltr'><strong>Jac..</strong></span> <span class='ocrx_word' id='word_1_252' title='bbox 346 2670 363 2693; x_wconf 82' lang='grc' dir='ltr'><strong>ι,</strong></span> <span class='ocrx_word' id='word_1_253' title='bbox 378 2665 415 2688; x_wconf 79' lang='grc' dir='ltr'><strong>ΓΙ.</strong></span> <span class='ocrx_word' id='word_1_254' title='bbox 434 2678 462 2682; x_wconf 89' lang='grc'><strong>-</strong></span> <span class='ocrx_word' id='word_1_255' title='bbox 479 2665 489 2682; x_wconf 70' lang='lat'><strong>¹</strong></span> <span class='ocrx_word' id='word_1_256' title='bbox 504 2667 591 2696; x_wconf 55' lang='lat' dir='ltr'><strong>Grex„</strong></span> <span class='ocrx_word' id='word_1_257' title='bbox 608 2665 631 2689; x_wconf 73' lang='grc' dir='ltr'><strong>[η</strong></span> <span class='ocrx_word' id='word_1_258' title='bbox 648 2664 781 2694; x_wconf 70' lang='lat' dir='ltr'><strong>Ezechiel„</strong></span> <span class='ocrx_word' id='word_1_259' title='bbox 795 2665 864 2690; x_wconf 71' lang='lat' dir='ltr'><strong>lium.</strong></span> <span class='ocrx_word' id='word_1_260' title='bbox 884 2672 907 2697; x_wconf 67' lang='lat' dir='ltr'><strong>v,</strong></span> <span class='ocrx_word' id='word_1_261' title='bbox 923 2675 947 2691; x_wconf 89' lang='grc' dir='ltr'><strong>ιι.</strong></span> <span class='ocrx_word' id='word_1_262' title='bbox 965 2671 988 2692; x_wconf 75' lang='lat' dir='ltr'><strong>ti.</strong></span> 
     </span>
    </p>
   </div>
   <div class='ocr_carea' id='block_1_6' title="bbox 590 155 1460 196">
    <p class='ocr_par' dir='ltr' id='par_1_6' title="bbox 590 155 1460 196">
     <span class='ocr_line' id='line_1_46' title="bbox 590 155 1460 196; baseline 0.007 -7"><span class='ocrx_word' id='word_1_263' title='bbox 590 156 641 189; x_wconf 83' lang='lat' dir='ltr'><strong>DE</strong></span> <span class='ocrx_word' id='word_1_264' title='bbox 663 155 838 196; x_wconf 83' lang='lat' dir='ltr'><strong>QUlNQUE</strong></span> <span class='ocrx_word' id='word_1_265' title='bbox 857 157 1190 193; x_wconf 83' lang='lat' dir='ltr'><strong>FESTlVlTATlBUS</strong></span> <span class='ocrx_word' id='word_1_266' title='bbox 1211 159 1331 194; x_wconf 79' lang='lat' dir='ltr'>PUERI</span> <span class='ocrx_word' id='word_1_267' title='bbox 1352 160 1460 194; x_wconf 85' lang='lat' dir='ltr'><strong>JESU.</strong></span> 
     </span>
    </p>
   </div>
   <div class='ocr_carea' id='block_1_7' title="bbox 1046 226 1834 2374">
    <p class='ocr_par' dir='ltr' id='par_1_7' title="bbox 1046 226 1834 2374">
     <span class='ocr_line' id='line_1_47' title="bbox 1051 226 1833 273; baseline 0.005 -14"><span class='ocrx_word' id='word_1_268' title='bbox 1051 226 1177 260; x_wconf 88' lang='lat' dir='ltr'><strong>modico</strong></span> <span class='ocrx_word' id='word_1_269' title='bbox 1190 230 1321 270; x_wconf 77' lang='lat' dir='ltr'><strong>gustato</strong></span> <span class='ocrx_word' id='word_1_270' title='bbox 1331 229 1460 271; x_wconf 88' lang='lat' dir='ltr'><strong>spiritu,</strong></span> <span class='ocrx_word' id='word_1_271' title='bbox 1475 229 1590 272; x_wconf 84' lang='lat' dir='ltr'><strong>desipit</strong></span> <span class='ocrx_word' id='word_1_272' title='bbox 1603 238 1678 263; x_wconf 80' lang='lat' dir='ltr'><strong>caro</strong></span> <span class='ocrx_word' id='word_1_273' title='bbox 1691 239 1768 263; x_wconf 88' lang='lat' dir='ltr'><strong>cum</strong></span> <span class='ocrx_word' id='word_1_274' title='bbox 1778 240 1833 273; x_wconf 83' lang='lat' dir='ltr'><strong>ge-</strong></span> 
     </span>
     <span class='ocr_line' id='line_1_48' title="bbox 1051 281 1831 324; baseline 0.005 -11"><span class='ocrx_word' id='word_1_275' title='bbox 1051 281 1153 322; x_wconf 89' lang='lat' dir='ltr'><strong>mitu;</strong></span> <span class='ocrx_word' id='word_1_276' title='bbox 1170 283 1243 324; x_wconf 79' lang='lat' dir='ltr'><strong>jam</strong></span> <span class='ocrx_word' id='word_1_277' title='bbox 1264 284 1374 316; x_wconf 81' lang='lat' dir='ltr'><strong>anima</strong></span> <span class='ocrx_word' id='word_1_278' title='bbox 1396 293 1473 317; x_wconf 91' lang='lat' dir='ltr'><strong>cum</strong></span> <span class='ocrx_word' id='word_1_279' title='bbox 1497 283 1598 316; x_wconf 81' lang='lat' dir='ltr'><strong>Maria</strong></span> <span class='ocrx_word' id='word_1_280' title='bbox 1619 284 1654 316; x_wconf 89' lang='lat' dir='ltr'><strong>in</strong></span> <span class='ocrx_word' id='word_1_281' title='bbox 1676 286 1831 318; x_wconf 80' lang='lat' dir='ltr'><strong>montana</strong></span> 
     </span>
     <span class='ocr_line' id='line_1_49' title="bbox 1051 336 1831 380; baseline 0.004 -12"><span class='ocrx_word' id='word_1_282' title='bbox 1051 336 1222 370; x_wconf 83' lang='lat' dir='ltr'><strong>ascendere</strong></span> <span class='ocrx_word' id='word_1_283' title='bbox 1234 337 1356 379; x_wconf 86' lang='lat' dir='ltr'><strong>incipit,</strong></span> <span class='ocrx_word' id='word_1_284' title='bbox 1371 339 1443 379; x_wconf 86' lang='lat' dir='ltr'><strong>post</strong></span> <span class='ocrx_word' id='word_1_285' title='bbox 1460 337 1623 380; x_wconf 83' lang='lat' dir='ltr'><strong>talemque</strong></span> <span class='ocrx_word' id='word_1_286' title='bbox 1638 340 1831 380; x_wconf 81' lang='lat' dir='ltr'><strong>conceptum</strong></span> 
     </span>
     <span class='ocr_line' id='line_1_50' title="bbox 1050 389 1832 431; baseline 0.005 -10"><span class='ocrx_word' id='word_1_287' title='bbox 1050 389 1256 423; x_wconf 81' lang='lat' dir='ltr'><strong>fastidiuntur</strong></span> <span class='ocrx_word' id='word_1_288' title='bbox 1278 394 1419 431; x_wconf 82' lang='lat' dir='ltr'><strong>terrena,</strong></span> <span class='ocrx_word' id='word_1_289' title='bbox 1445 391 1667 425; x_wconf 79' lang='lat' dir='ltr'><strong>desiderantur</strong></span> <span class='ocrx_word' id='word_1_290' title='bbox 1689 392 1832 425; x_wconf 78' lang='lat' dir='ltr'><strong>coelestia</strong></span> 
     </span>
     <span class='ocr_line' id='line_1_51' title="bbox 1050 445 1834 487; baseline 0.004 -12"><span class='ocrx_word' id='word_1_291' title='bbox 1050 445 1083 475; x_wconf 88' lang='lat' dir='ltr'><strong>et</strong></span> <span class='ocrx_word' id='word_1_292' title='bbox 1096 446 1229 477; x_wconf 78' lang='lat' dir='ltr'><strong>aeterna.</strong></span> <span class='ocrx_word' id='word_1_293' title='bbox 1243 445 1316 478; x_wconf 84' lang='lat' dir='ltr'><strong>Jam</strong></span> <span class='ocrx_word' id='word_1_294' title='bbox 1331 446 1446 486; x_wconf 82' lang='lat' dir='ltr'><strong>sugere</strong></span> <span class='ocrx_word' id='word_1_295' title='bbox 1462 446 1573 487; x_wconf 82' lang='lat' dir='ltr'><strong>incipit</strong></span> <span class='ocrx_word' id='word_1_296' title='bbox 1593 446 1776 478; x_wconf 88' lang='lat' dir='ltr'><strong>societatem</strong></span> <span class='ocrx_word' id='word_1_297' title='bbox 1790 446 1834 478; x_wconf 90' lang='lat' dir='ltr'><strong>il-</strong></span> 
     </span>
     <span class='ocr_line' id='line_1_52' title="bbox 1050 496 1833 541; baseline 0.005 -13"><span class='ocrx_word' id='word_1_298' title='bbox 1050 496 1169 537; x_wconf 84' lang='lat' dir='ltr'><strong>lomm,</strong></span> <span class='ocrx_word' id='word_1_299' title='bbox 1184 499 1242 540; x_wconf 88' lang='lat' dir='ltr'><strong>qui</strong></span> <span class='ocrx_word' id='word_1_300' title='bbox 1256 501 1383 531; x_wconf 79' lang='lat' dir='ltr'><strong>terrena</strong></span> <span class='ocrx_word' id='word_1_301' title='bbox 1400 499 1531 540; x_wconf 87' lang='lat' dir='ltr'><strong>sapiunt</strong></span> <span class='ocrx_word' id='word_1_302' title='bbox 1540 511 1549 539; x_wconf 91' lang='lat'>;</span> <span class='ocrx_word' id='word_1_303' title='bbox 1562 502 1595 532; x_wconf 87' lang='lat' dir='ltr'><strong>et</strong></span> <span class='ocrx_word' id='word_1_304' title='bbox 1608 500 1729 541; x_wconf 86' lang='lat' dir='ltr'><strong>appetit</strong></span> <span class='ocrx_word' id='word_1_305' title='bbox 1742 500 1833 532; x_wconf 79' lang='lat' dir='ltr'><strong>tami-</strong></span> 
     </span>
     <span class='ocr_line' id='line_1_53' title="bbox 1049 551 1828 596; baseline 0.004 -13"><span class='ocrx_word' id='word_1_306' title='bbox 1049 551 1221 585; x_wconf 87' lang='lat' dir='ltr'><strong>liaritatem</strong></span> <span class='ocrx_word' id='word_1_307' title='bbox 1231 562 1358 593; x_wconf 89' lang='lat' dir='ltr'><strong>eorum,</strong></span> <span class='ocrx_word' id='word_1_308' title='bbox 1369 554 1425 595; x_wconf 85' lang='lat' dir='ltr'><strong>qui</strong></span> <span class='ocrx_word' id='word_1_309' title='bbox 1436 553 1576 586; x_wconf 84' lang='lat' dir='ltr'><strong>coelestia</strong></span> <span class='ocrx_word' id='word_1_310' title='bbox 1586 555 1828 596; x_wconf 84' lang='lat' dir='ltr'><strong>concupiscunt.</strong></span> 
     </span>
     <span class='ocr_line' id='line_1_54' title="bbox 1049 605 1833 648; baseline 0.005 -11"><span class='ocrx_word' id='word_1_311' title='bbox 1049 605 1121 638; x_wconf 88' lang='lat' dir='ltr'><strong>Jam</strong></span> <span class='ocrx_word' id='word_1_312' title='bbox 1150 606 1262 648; x_wconf 88' lang='lat' dir='ltr'><strong>incipit</strong></span> <span class='ocrx_word' id='word_1_313' title='bbox 1285 608 1395 640; x_wconf 82' lang='lat' dir='ltr'><strong>anima</strong></span> <span class='ocrx_word' id='word_1_314' title='bbox 1421 617 1496 640; x_wconf 87' lang='lat' dir='ltr'><strong>cum</strong></span> <span class='ocrx_word' id='word_1_315' title='bbox 1525 607 1625 640; x_wconf 80' lang='lat' dir='ltr'><strong>Maria</strong></span> <span class='ocrx_word' id='word_1_316' title='bbox 1652 609 1833 641; x_wconf 83' lang='lat' dir='ltr'><strong>ministrare</strong></span> 
     </span>
     <span class='ocr_line' id='line_1_55' title="bbox 1051 660 1833 704; baseline 0.005 -12"><span class='ocrx_word' id='word_1_317' title='bbox 1051 660 1226 701; x_wconf 79' lang='lat' dir='ltr'><strong>Elisabeth,</strong></span> <span class='ocrx_word' id='word_1_318' title='bbox 1242 662 1303 694; x_wconf 90' lang='lat' dir='ltr'><strong>hoc</strong></span> <span class='ocrx_word' id='word_1_319' title='bbox 1322 665 1369 694; x_wconf 88' lang='lat' dir='ltr'><strong>est</strong></span> <span class='ocrx_word' id='word_1_320' title='bbox 1389 662 1463 702; x_wconf 88' lang='lat' dir='ltr'><strong>illis,</strong></span> <span class='ocrx_word' id='word_1_321' title='bbox 1488 672 1571 704; x_wconf 90' lang='lat' dir='ltr'><strong>quos</strong></span> <span class='ocrx_word' id='word_1_322' title='bbox 1592 663 1703 696; x_wconf 86' lang='lat' dir='ltr'><strong>divina</strong></span> <span class='ocrx_word' id='word_1_323' title='bbox 1726 664 1833 704; x_wconf 86' lang='lat' dir='ltr'><strong>gratia</strong></span> 
     </span>
     <span class='ocr_line' id='line_1_56' title="bbox 1049 715 1833 758; baseline 0.005 -12"><span class='ocrx_word' id='word_1_324' title='bbox 1049 715 1190 756; x_wconf 89' lang='lat' dir='ltr'><strong>amplius</strong></span> <span class='ocrx_word' id='word_1_325' title='bbox 1205 726 1260 758; x_wconf 87' lang='lat' dir='ltr'><strong>per</strong></span> <span class='ocrx_word' id='word_1_326' title='bbox 1276 717 1480 749; x_wconf 87' lang='lat' dir='ltr'><strong>dilectionem</strong></span> <span class='ocrx_word' id='word_1_327' title='bbox 1503 718 1692 750; x_wconf 86' lang='lat' dir='ltr'><strong>inflammat.</strong></span> <span class='ocrx_word' id='word_1_328' title='bbox 1714 718 1753 750; x_wconf 87' lang='lat' dir='ltr'><strong>Et</strong></span> <span class='ocrx_word' id='word_1_329' title='bbox 1771 718 1833 750; x_wconf 85' lang='lat' dir='ltr'><strong>hoc</strong></span> 
     </span>
     <span class='ocr_line' id='line_1_57' title="bbox 1049 769 1830 813; baseline 0.005 -13"><span class='ocrx_word' id='word_1_330' title='bbox 1049 769 1141 801; x_wconf 87' lang='lat' dir='ltr'><strong>valde</strong></span> <span class='ocrx_word' id='word_1_331' title='bbox 1166 771 1306 803; x_wconf 84' lang='lat' dir='ltr'><strong>notabile</strong></span> <span class='ocrx_word' id='word_1_332' title='bbox 1330 771 1504 813; x_wconf 88' lang='lat' dir='ltr'><strong>multisque</strong></span> <span class='ocrx_word' id='word_1_333' title='bbox 1526 772 1743 804; x_wconf 85' lang='lat' dir='ltr'><strong>necessarium</strong></span> <span class='ocrx_word' id='word_1_334' title='bbox 1764 774 1830 811; x_wconf 80' lang='lat' dir='ltr'><strong>cst3</strong></span> 
     </span>
     <span class='ocr_line' id='line_1_58' title="bbox 1048 824 1832 865; baseline 0.004 -10"><span class='ocrx_word' id='word_1_335' title='bbox 1048 825 1169 864; x_wconf 89' lang='lat' dir='ltr'><strong>quanto</strong></span> <span class='ocrx_word' id='word_1_336' title='bbox 1185 824 1292 865; x_wconf 83' lang='lat' dir='ltr'><strong>magis</strong></span> <span class='ocrx_word' id='word_1_337' title='bbox 1306 834 1339 856; x_wconf 87' lang='lat' dir='ltr'><strong>se</strong></span> <span class='ocrx_word' id='word_1_338' title='bbox 1355 834 1375 856; x_wconf 90' lang='lat' dir='ltr'><strong>a</strong></span> <span class='ocrx_word' id='word_1_339' title='bbox 1389 825 1512 858; x_wconf 91' lang='lat' dir='ltr'><strong>mundo</strong></span> <span class='ocrx_word' id='word_1_340' title='bbox 1525 826 1730 865; x_wconf 81' lang='lat' dir='ltr'><strong>abstrahunt,</strong></span> <span class='ocrx_word' id='word_1_341' title='bbox 1746 829 1832 858; x_wconf 80' lang='lat' dir='ltr'><strong>tanto</strong></span> 
     </span>
     <span class='ocr_line' id='line_1_59' title="bbox 1047 877 1831 912; baseline 0.005 -4"><span class='ocrx_word' id='word_1_342' title='bbox 1047 877 1241 910; x_wconf 80' lang='lat' dir='ltr'><strong>familiarius</strong></span> <span class='ocrx_word' id='word_1_343' title='bbox 1255 888 1289 910; x_wconf 86' lang='lat' dir='ltr'><strong>se</strong></span> <span class='ocrx_word' id='word_1_344' title='bbox 1304 879 1398 911; x_wconf 90' lang='lat' dir='ltr'><strong>bonis</strong></span> <span class='ocrx_word' id='word_1_345' title='bbox 1411 879 1595 912; x_wconf 80' lang='lat' dir='ltr'><strong>amicabiles</strong></span> <span class='ocrx_word' id='word_1_346' title='bbox 1611 882 1644 912; x_wconf 91' lang='lat' dir='ltr'><strong>et</strong></span> <span class='ocrx_word' id='word_1_347' title='bbox 1658 880 1831 912; x_wconf 79' lang='lat' dir='ltr'><strong>familiares</strong></span> 
     </span>
     <span class='ocr_line' id='line_1_60' title="bbox 1048 931 1831 976; baseline 0.005 -14"><span class='ocrx_word' id='word_1_348' title='bbox 1048 931 1187 963; x_wconf 87' lang='lat' dir='ltr'><strong>reddunt</strong></span> <span class='ocrx_word' id='word_1_349' title='bbox 1209 943 1216 963; x_wconf 94' lang='lat'>:</span> <span class='ocrx_word' id='word_1_350' title='bbox 1245 935 1283 964; x_wconf 91' lang='lat' dir='ltr'><strong>ut</strong></span> <span class='ocrx_word' id='word_1_351' title='bbox 1306 935 1396 965; x_wconf 89' lang='lat' dir='ltr'><strong>tanto</strong></span> <span class='ocrx_word' id='word_1_352' title='bbox 1412 934 1552 975; x_wconf 86' lang='lat' dir='ltr'><strong>amplius</strong></span> <span class='ocrx_word' id='word_1_353' title='bbox 1571 934 1649 976; x_wconf 87' lang='lat' dir='ltr'><strong>ipsis</strong></span> <span class='ocrx_word' id='word_1_354' title='bbox 1669 934 1831 966; x_wconf 88' lang='lat' dir='ltr'><strong>malorum</strong></span> 
     </span>
     <span class='ocr_line' id='line_1_61' title="bbox 1047 985 1831 1029; baseline 0.005 -13"><span class='ocrx_word' id='word_1_355' title='bbox 1047 985 1244 1017; x_wconf 89' lang='lat' dir='ltr'><strong>consortium</strong></span> <span class='ocrx_word' id='word_1_356' title='bbox 1262 986 1408 1028; x_wconf 86' lang='lat' dir='ltr'><strong>desipiat,</strong></span> <span class='ocrx_word' id='word_1_357' title='bbox 1433 990 1555 1029; x_wconf 83' lang='lat' dir='ltr'><strong>quanto</strong></span> <span class='ocrx_word' id='word_1_358' title='bbox 1579 987 1704 1020; x_wconf 89' lang='lat' dir='ltr'><strong>dulcius</strong></span> <span class='ocrx_word' id='word_1_359' title='bbox 1729 988 1831 1020; x_wconf 91' lang='lat' dir='ltr'><strong>bono-</strong></span> 
     </span>
     <span class='ocr_line' id='line_1_62' title="bbox 1047 1039 1831 1080; baseline 0.004 -10"><span class='ocrx_word' id='word_1_360' title='bbox 1047 1047 1122 1070; x_wconf 89' lang='lat' dir='ltr'><strong>rum</strong></span> <span class='ocrx_word' id='word_1_361' title='bbox 1137 1041 1169 1070; x_wconf 91' lang='lat' dir='ltr'><strong>et</strong></span> <span class='ocrx_word' id='word_1_362' title='bbox 1182 1039 1400 1080; x_wconf 88' lang='lat' dir='ltr'><strong>spiritualium</strong></span> <span class='ocrx_word' id='word_1_363' title='bbox 1415 1041 1550 1073; x_wconf 84' lang='lat' dir='ltr'><strong>honesta</strong></span> <span class='ocrx_word' id='word_1_364' title='bbox 1561 1041 1763 1073; x_wconf 86' lang='lat' dir='ltr'><strong>conversatio</strong></span> <span class='ocrx_word' id='word_1_365' title='bbox 1772 1050 1831 1073; x_wconf 87' lang='lat' dir='ltr'><strong>eo-</strong></span> 
     </span>
     <span class='ocr_line' id='line_1_63' title="bbox 1047 1092 1832 1134; baseline 0.006 -12"><span class='ocrx_word' id='word_1_366' title='bbox 1047 1101 1122 1123; x_wconf 87' lang='lat' dir='ltr'><strong>rum</strong></span> <span class='ocrx_word' id='word_1_367' title='bbox 1137 1092 1289 1125; x_wconf 79' lang='lat' dir='ltr'><strong>affectum</strong></span> <span class='ocrx_word' id='word_1_368' title='bbox 1304 1094 1402 1126; x_wconf 83' lang='lat' dir='ltr'><strong>asticit</strong></span> <span class='ocrx_word' id='word_1_369' title='bbox 1415 1097 1447 1127; x_wconf 84' lang='lat' dir='ltr'><strong>et</strong></span> <span class='ocrx_word' id='word_1_370' title='bbox 1461 1095 1650 1126; x_wconf 81' lang='lat' dir='ltr'><strong>inflammat.</strong></span> <span class='ocrx_word' id='word_1_371' title='bbox 1668 1095 1761 1134; x_wconf 89' lang='lat' dir='ltr'><strong>Quia,</strong></span> <span class='ocrx_word' id='word_1_372' title='bbox 1778 1104 1832 1127; x_wconf 86' lang='lat' dir='ltr'><strong>se-</strong></span> 
     </span>
     <span class='ocr_line' id='line_1_64' title="bbox 1047 1146 1831 1190; baseline 0.006 -14"><span class='ocrx_word' id='word_1_373' title='bbox 1047 1146 1191 1178; x_wconf 91' lang='lat' dir='ltr'><strong>cundum</strong></span> <span class='ocrx_word' id='word_1_374' title='bbox 1207 1147 1336 1179; x_wconf 88' lang='lat' dir='ltr'><strong>beatum</strong></span> <span class='ocrx_word' id='word_1_375' title='bbox 1351 1147 1546 1188; x_wconf 84' lang='lat' dir='ltr'><strong>Gregorium</strong></span> <span class='ocrx_word' id='word_1_376' title='bbox 1569 1150 1591 1187; x_wconf 80' lang='lat'><strong>¹,</strong></span> <span class='ocrx_word' id='word_1_377' title='bbox 1617 1159 1632 1178; x_wconf 80' lang='grc' dir='ltr'><strong>σ</strong></span> <span class='ocrx_word' id='word_1_378' title='bbox 1646 1149 1703 1190; x_wconf 88' lang='lat' dir='ltr'><strong>qui</strong></span> <span class='ocrx_word' id='word_1_379' title='bbox 1720 1158 1735 1180; x_wconf 89' lang='lat' dir='ltr'><strong>s</strong></span> <span class='ocrx_word' id='word_1_380' title='bbox 1746 1151 1831 1181; x_wconf 78' lang='lat' dir='ltr'><strong>meto</strong></span> 
     </span>
     <span class='ocr_line' id='line_1_65' title="bbox 1049 1200 1830 1243; baseline 0.004 -12"><span class='ocrx_word' id='word_1_381' title='bbox 1049 1200 1120 1231; x_wconf 91' lang='lat' dir='ltr'><strong>viro</strong></span> <span class='ocrx_word' id='word_1_382' title='bbox 1135 1201 1298 1240; x_wconf 63' lang='lat' dir='ltr'><strong>adhaeret,</strong></span> <span class='ocrx_word' id='word_1_383' title='bbox 1325 1211 1366 1233; x_wconf 82' lang='lat' dir='ltr'><strong>ex</strong></span> <span class='ocrx_word' id='word_1_384' title='bbox 1381 1203 1452 1243; x_wconf 82' lang='lat' dir='ltr'><strong>ejus</strong></span> <span class='ocrx_word' id='word_1_385' title='bbox 1476 1203 1660 1234; x_wconf 81' lang='lat' dir='ltr'><strong>assiduitate</strong></span> <span class='ocrx_word' id='word_1_386' title='bbox 1685 1203 1830 1242; x_wconf 83' lang='lat' dir='ltr'><strong>visionis,</strong></span> 
     </span>
     <span class='ocr_line' id='line_1_66' title="bbox 1050 1255 1832 1298; baseline 0.005 -13"><span class='ocrx_word' id='word_1_387' title='bbox 1050 1264 1111 1298; x_wconf 76' lang='lat' dir='ltr'><strong>usu</strong></span> <span class='ocrx_word' id='word_1_388' title='bbox 1122 1255 1305 1295; x_wconf 84' lang='lat' dir='ltr'><strong>locutionis,</strong></span> <span class='ocrx_word' id='word_1_389' title='bbox 1317 1257 1466 1297; x_wconf 79' lang='lat' dir='ltr'><strong>exemplo</strong></span> <span class='ocrx_word' id='word_1_390' title='bbox 1481 1258 1732 1289; x_wconf 84' lang='lat' dir='ltr'><strong>conversationis</strong></span> <span class='ocrx_word' id='word_1_391' title='bbox 1747 1258 1832 1289; x_wconf 86' lang='lat' dir='ltr'><strong>acci-</strong></span> 
     </span>
     <span class='ocr_line' id='line_1_67' title="bbox 1048 1309 1831 1353; baseline 0.005 -14"><span class='ocrx_word' id='word_1_392' title='bbox 1048 1309 1104 1349; x_wconf 82' lang='lat' dir='ltr'><strong>pit,</strong></span> <span class='ocrx_word' id='word_1_393' title='bbox 1115 1312 1150 1340; x_wconf 90' lang='lat' dir='ltr'><strong>ut</strong></span> <span class='ocrx_word' id='word_1_394' title='bbox 1159 1310 1350 1342; x_wconf 83' lang='lat' dir='ltr'><strong>accendatur</strong></span> <span class='ocrx_word' id='word_1_395' title='bbox 1362 1311 1394 1341; x_wconf 94' lang='lat' dir='ltr'><strong>in</strong></span> <span class='ocrx_word' id='word_1_396' title='bbox 1404 1320 1548 1342; x_wconf 85' lang='lat' dir='ltr'><strong>amorem</strong></span> <span class='ocrx_word' id='word_1_397' title='bbox 1556 1311 1713 1343; x_wconf 80' lang='lat' dir='ltr'><strong>veritatis:</strong></span> <span class='ocrx_word' id='word_1_398' title='bbox 1726 1321 1831 1353; x_wconf 84' lang='lat' dir='ltr'><strong>pecca-</strong></span> 
     </span>
     <span class='ocr_line' id='line_1_68' title="bbox 1048 1364 1829 1405; baseline 0.005 -12"><span class='ocrx_word' id='word_1_399' title='bbox 1048 1365 1155 1394; x_wconf 90' lang='lat' dir='ltr'><strong>torum</strong></span> <span class='ocrx_word' id='word_1_400' title='bbox 1170 1364 1318 1395; x_wconf 76' lang='lat' dir='ltr'><strong>tenebras</strong></span> <span class='ocrx_word' id='word_1_401' title='bbox 1332 1365 1433 1405; x_wconf 78' lang='lat' dir='ltr'><strong>sugat,</strong></span> <span class='ocrx_word' id='word_1_402' title='bbox 1447 1367 1477 1396; x_wconf 88' lang='lat' dir='ltr'><strong>et</strong></span> <span class='ocrx_word' id='word_1_403' title='bbox 1490 1374 1600 1396; x_wconf 85' lang='lat' dir='ltr'><strong>amore</strong></span> <span class='ocrx_word' id='word_1_404' title='bbox 1613 1365 1733 1397; x_wconf 82' lang='lat' dir='ltr'><strong>divinae</strong></span> <span class='ocrx_word' id='word_1_405' title='bbox 1749 1365 1829 1397; x_wconf 91' lang='lat' dir='ltr'><strong>lucis</strong></span> 
     </span>
     <span class='ocr_line' id='line_1_69' title="bbox 1048 1417 1831 1457; baseline 0.004 -10"><span class='ocrx_word' id='word_1_406' title='bbox 1048 1417 1303 1457; x_wconf 57' lang='lat' dir='ltr'><strong>iiiartlescittal.»</strong></span> <span class='ocrx_word' id='word_1_407' title='bbox 1325 1418 1412 1449; x_wconf 85' lang='lat' dir='ltr'><strong>Unde</strong></span> <span class='ocrx_word' id='word_1_408' title='bbox 1430 1418 1566 1450; x_wconf 87' lang='lat' dir='ltr'><strong>isidorus</strong></span> <span class='ocrx_word' id='word_1_409' title='bbox 1581 1419 1591 1436; x_wconf 81' lang='lat'>⁸</span> <span class='ocrx_word' id='word_1_410' title='bbox 1607 1430 1614 1450; x_wconf 88' lang='grc'>;</span> <span class='ocrx_word' id='word_1_411' title='bbox 1636 1430 1650 1448; x_wconf 74' lang='grc' dir='ltr'><strong>ιι</strong></span> <span class='ocrx_word' id='word_1_412' title='bbox 1669 1419 1831 1451; x_wconf 88' lang='lat' dir='ltr'><strong>Bonorum</strong></span> 
     </span>
     <span class='ocr_line' id='line_1_70' title="bbox 1046 1471 1832 1512; baseline 0.005 -11"><span class='ocrx_word' id='word_1_413' title='bbox 1046 1471 1229 1502; x_wconf 86' lang='lat' dir='ltr'><strong>societatem</strong></span> <span class='ocrx_word' id='word_1_414' title='bbox 1252 1472 1392 1512; x_wconf 83' lang='lat' dir='ltr'><strong>require.</strong></span> <span class='ocrx_word' id='word_1_415' title='bbox 1411 1472 1531 1504; x_wconf 78' lang='lat' dir='ltr'><strong>Accidit</strong></span> <span class='ocrx_word' id='word_1_416' title='bbox 1542 1473 1689 1512; x_wconf 86' lang='lat' dir='ltr'><strong>enim,ut</strong></span> <span class='ocrx_word' id='word_1_417' title='bbox 1699 1474 1725 1504; x_wconf 86' lang='lat' dir='ltr'><strong>si</strong></span> <span class='ocrx_word' id='word_1_418' title='bbox 1735 1474 1832 1505; x_wconf 74' lang='lat' dir='ltr'><strong>fucris</strong></span> 
     </span>
     <span class='ocr_line' id='line_1_71' title="bbox 1046 1525 1833 1564; baseline 0.005 -9"><span class='ocrx_word' id='word_1_419' title='bbox 1046 1525 1152 1556; x_wconf 69' lang='lat' dir='ltr'><strong>socius</strong></span> <span class='ocrx_word' id='word_1_420' title='bbox 1174 1525 1439 1564; x_wconf 74' lang='lat' dir='ltr'><strong>conversationis,</strong></span> <span class='ocrx_word' id='word_1_421' title='bbox 1465 1528 1527 1557; x_wconf 79' lang='lat' dir='ltr'><strong>eris</strong></span> <span class='ocrx_word' id='word_1_422' title='bbox 1551 1530 1582 1557; x_wconf 85' lang='lat' dir='ltr'><strong>et</strong></span> <span class='ocrx_word' id='word_1_423' title='bbox 1604 1527 1710 1558; x_wconf 89' lang='lat' dir='ltr'><strong>socius</strong></span> <span class='ocrx_word' id='word_1_424' title='bbox 1731 1527 1833 1559; x_wconf 89' lang='lat' dir='ltr'><strong>virtu·</strong></span> 
     </span>
     <span class='ocr_line' id='line_1_72' title="bbox 1047 1579 1830 1621; baseline 0.005 -12"><span class='ocrx_word' id='word_1_425' title='bbox 1047 1581 1128 1610; x_wconf 91' lang='lat' dir='ltr'><strong>tum.</strong></span> <span class='ocrx_word' id='word_1_426' title='bbox 1146 1590 1160 1608; x_wconf 81' lang='grc' dir='ltr'><strong>ο</strong></span> <span class='ocrx_word' id='word_1_427' title='bbox 1177 1579 1252 1610; x_wconf 81' lang='lat' dir='ltr'><strong>lla=c</strong></span> <span class='ocrx_word' id='word_1_428' title='bbox 1269 1579 1389 1619; x_wconf 72' lang='lat' dir='ltr'><strong>cogitet</strong></span> <span class='ocrx_word' id='word_1_429' title='bbox 1405 1579 1507 1611; x_wconf 83' lang='lat' dir='ltr'><strong>tidelis</strong></span> <span class='ocrx_word' id='word_1_430' title='bbox 1528 1580 1648 1619; x_wconf 83' lang='lat' dir='ltr'><strong>anima,</strong></span> <span class='ocrx_word' id='word_1_431' title='bbox 1664 1590 1762 1621; x_wconf 81' lang='lat' dir='ltr'><strong>quam</strong></span> <span class='ocrx_word' id='word_1_432' title='bbox 1778 1591 1830 1613; x_wconf 87' lang='lat' dir='ltr'><strong>ea-</strong></span> 
     </span>
     <span class='ocr_line' id='line_1_73' title="bbox 1046 1634 1831 1674; baseline 0.004 -11"><span class='ocrx_word' id='word_1_433' title='bbox 1046 1636 1105 1671; x_wconf 85' lang='lat' dir='ltr'><strong>sta,</strong></span> <span class='ocrx_word' id='word_1_434' title='bbox 1114 1643 1210 1674; x_wconf 85' lang='lat' dir='ltr'><strong>quam</strong></span> <span class='ocrx_word' id='word_1_435' title='bbox 1222 1636 1342 1672; x_wconf 82' lang='lat' dir='ltr'><strong>sancta,</strong></span> <span class='ocrx_word' id='word_1_436' title='bbox 1352 1643 1448 1674; x_wconf 85' lang='lat' dir='ltr'><strong>quam</strong></span> <span class='ocrx_word' id='word_1_437' title='bbox 1457 1634 1571 1665; x_wconf 88' lang='lat' dir='ltr'><strong>devota</strong></span> <span class='ocrx_word' id='word_1_438' title='bbox 1579 1635 1831 1667; x_wconf 80' lang='lat' dir='ltr'><strong>suerintillarum</strong></span> 
     </span>
     <span class='ocr_line' id='line_1_74' title="bbox 1047 1687 1832 1728; baseline 0.006 -12"><span class='ocrx_word' id='word_1_439' title='bbox 1047 1690 1230 1718; x_wconf 83' lang='lat' dir='ltr'><strong>sanctarum</strong></span> <span class='ocrx_word' id='word_1_440' title='bbox 1247 1687 1417 1728; x_wconf 76' lang='lat' dir='ltr'><strong>colloquia,</strong></span> <span class='ocrx_word' id='word_1_441' title='bbox 1434 1698 1532 1728; x_wconf 86' lang='lat' dir='ltr'><strong>quam</strong></span> <span class='ocrx_word' id='word_1_442' title='bbox 1544 1689 1653 1720; x_wconf 86' lang='lat' dir='ltr'><strong>divina</strong></span> <span class='ocrx_word' id='word_1_443' title='bbox 1668 1689 1832 1721; x_wconf 75' lang='lat' dir='ltr'><strong>salutifera</strong></span> 
     </span>
     <span class='ocr_line' id='line_1_75' title="bbox 1047 1741 1832 1782; baseline 0.005 -11"><span class='ocrx_word' id='word_1_444' title='bbox 1047 1741 1190 1778; x_wconf 84' lang='lat' dir='ltr'><strong>consilia,</strong></span> <span class='ocrx_word' id='word_1_445' title='bbox 1210 1751 1309 1782; x_wconf 79' lang='lat' dir='ltr'><strong>qnam</strong></span> <span class='ocrx_word' id='word_1_446' title='bbox 1332 1742 1486 1774; x_wconf 62' lang='lat' dir='ltr'><strong>mirandae</strong></span> <span class='ocrx_word' id='word_1_447' title='bbox 1509 1743 1684 1774; x_wconf 81' lang='lat' dir='ltr'><strong>sanctitatis</strong></span> <span class='ocrx_word' id='word_1_448' title='bbox 1709 1746 1832 1776; x_wconf 67' lang='lat' dir='ltr'><strong>mutua}</strong></span> 
     </span>
     <span class='ocr_line' id='line_1_76' title="bbox 1047 1794 1830 1837; baseline 0.006 -13"><span class='ocrx_word' id='word_1_449' title='bbox 1047 1794 1206 1825; x_wconf 85' lang='lat' dir='ltr'><strong>societatis</strong></span> <span class='ocrx_word' id='word_1_450' title='bbox 1229 1805 1343 1835; x_wconf 62' lang='lat' dir='ltr'><strong>(wera,</strong></span> <span class='ocrx_word' id='word_1_451' title='bbox 1373 1796 1451 1827; x_wconf 80' lang='lat' dir='ltr'><strong>(lum</strong></span> <span class='ocrx_word' id='word_1_452' title='bbox 1491 1806 1694 1837; x_wconf 60' lang='lat' dir='ltr'><strong>unaquaeque</strong></span> <span class='ocrx_word' id='word_1_453' title='bbox 1735 1798 1830 1829; x_wconf 86' lang='lat' dir='ltr'><strong>aliam</strong></span> 
     </span>
     <span class='ocr_line' id='line_1_77' title="bbox 1050 1848 1780 1890; baseline 0.004 -11"><span class='ocrx_word' id='word_1_454' title='bbox 1050 1848 1148 1879; x_wconf 86' lang='lat' dir='ltr'><strong>verbo</strong></span> <span class='ocrx_word' id='word_1_455' title='bbox 1163 1851 1193 1879; x_wconf 88' lang='lat' dir='ltr'><strong>et</strong></span> <span class='ocrx_word' id='word_1_456' title='bbox 1207 1849 1355 1890; x_wconf 81' lang='lat' dir='ltr'><strong>exemplo</strong></span> <span class='ocrx_word' id='word_1_457' title='bbox 1371 1850 1567 1890; x_wconf 81' lang='lat' dir='ltr'><strong>provocabat</strong></span> <span class='ocrx_word' id='word_1_458' title='bbox 1581 1850 1620 1881; x_wconf 89' lang='lat' dir='ltr'><strong>ad</strong></span> <span class='ocrx_word' id='word_1_459' title='bbox 1636 1851 1780 1882; x_wconf 72' lang='lat' dir='ltr'><strong>meliora.</strong></span> 
     </span>
     <span class='ocr_line' id='line_1_78' title="bbox 1088 1903 1832 1943; baseline 0.005 -10"><span class='ocrx_word' id='word_1_460' title='bbox 1088 1903 1139 1933; x_wconf 80' lang='lat' dir='ltr'><strong>Sic</strong></span> <span class='ocrx_word' id='word_1_461' title='bbox 1161 1906 1207 1940; x_wconf 88' lang='lat' dir='ltr'><strong>tn,</strong></span> <span class='ocrx_word' id='word_1_462' title='bbox 1233 1913 1252 1934; x_wconf 92' lang='lat' dir='ltr'><strong>o</strong></span> <span class='ocrx_word' id='word_1_463' title='bbox 1275 1903 1390 1934; x_wconf 86' lang='lat' dir='ltr'><strong>devota</strong></span> <span class='ocrx_word' id='word_1_464' title='bbox 1417 1904 1536 1943; x_wconf 79' lang='lat' dir='ltr'><strong>anima,</strong></span> <span class='ocrx_word' id='word_1_465' title='bbox 1554 1904 1660 1943; x_wconf 79' lang='lat' dir='ltr'><strong>facias,</strong></span> <span class='ocrx_word' id='word_1_466' title='bbox 1690 1905 1715 1936; x_wconf 88' lang='lat' dir='ltr'><strong>si</strong></span> <span class='ocrx_word' id='word_1_467' title='bbox 1741 1908 1772 1937; x_wconf 86' lang='lat' dir='ltr'><strong>tc</strong></span> <span class='ocrx_word' id='word_1_468' title='bbox 1793 1906 1832 1937; x_wconf 89' lang='lat' dir='ltr'><strong>de</strong></span> 
     </span>
     <span class='ocr_line' id='line_1_79' title="bbox 1049 1956 1830 1998; baseline 0.006 -12"><span class='ocrx_word' id='word_1_469' title='bbox 1049 1956 1170 1997; x_wconf 72' lang='lat' dir='ltr'><strong>Spiritu</strong></span> <span class='ocrx_word' id='word_1_470' title='bbox 1188 1959 1297 1987; x_wconf 82' lang='lat' dir='ltr'><strong>sancto</strong></span> <span class='ocrx_word' id='word_1_471' title='bbox 1308 1958 1490 1998; x_wconf 85' lang='lat' dir='ltr'><strong>concepisse</strong></span> <span class='ocrx_word' id='word_1_472' title='bbox 1507 1967 1591 1989; x_wconf 88' lang='lat' dir='ltr'><strong>nova</strong></span> <span class='ocrx_word' id='word_1_473' title='bbox 1607 1958 1742 1990; x_wconf 16' lang='lat' dir='ltr'><strong>cnr-lestis</strong></span> <span class='ocrx_word' id='word_1_474' title='bbox 1755 1960 1830 1992; x_wconf 72' lang='lat' dir='ltr'><strong>vitae</strong></span> 
     </span>
     <span class='ocr_line' id='line_1_80' title="bbox 1047 2010 1828 2052; baseline 0.006 -12"><span class='ocrx_word' id='word_1_475' title='bbox 1047 2010 1204 2041; x_wconf 78' lang='lat' dir='ltr'><strong>desideria</strong></span> <span class='ocrx_word' id='word_1_476' title='bbox 1225 2011 1352 2041; x_wconf 79' lang='lat' dir='ltr'><strong>sentias.</strong></span> <span class='ocrx_word' id='word_1_477' title='bbox 1372 2010 1462 2050; x_wconf 81' lang='lat' dir='ltr'><strong>Fuge</strong></span> <span class='ocrx_word' id='word_1_478' title='bbox 1479 2011 1639 2042; x_wconf 86' lang='lat' dir='ltr'><strong>malorum</strong></span> <span class='ocrx_word' id='word_1_479' title='bbox 1658 2014 1828 2052; x_wconf 77' lang='lat' dir='ltr'><strong>consortia,</strong></span> 
     </span>
     <span class='ocr_line' id='line_1_81' title="bbox 1047 2064 1829 2106; baseline 0.003 -11"><span class='ocrx_word' id='word_1_480' title='bbox 1047 2064 1181 2095; x_wconf 82' lang='lat' dir='ltr'><strong>ascende</strong></span> <span class='ocrx_word' id='word_1_481' title='bbox 1203 2074 1276 2095; x_wconf 89' lang='lat' dir='ltr'><strong>cum</strong></span> <span class='ocrx_word' id='word_1_482' title='bbox 1301 2064 1410 2102; x_wconf 84' lang='lat' dir='ltr'><strong>Maria,</strong></span> <span class='ocrx_word' id='word_1_483' title='bbox 1434 2074 1543 2104; x_wconf 71' lang='lat' dir='ltr'><strong>qumre</strong></span> <span class='ocrx_word' id='word_1_484' title='bbox 1568 2065 1714 2096; x_wconf 89' lang='lat' dir='ltr'><strong>virorum</strong></span> <span class='ocrx_word' id='word_1_485' title='bbox 1735 2067 1829 2106; x_wconf 85' lang='lat' dir='ltr'><strong>spiri-</strong></span> 
     </span>
     <span class='ocr_line' id='line_1_82' title="bbox 1048 2117 1829 2159; baseline 0.003 -10"><span class='ocrx_word' id='word_1_486' title='bbox 1048 2118 1183 2149; x_wconf 81' lang='lat' dir='ltr'><strong>tualium</strong></span> <span class='ocrx_word' id='word_1_487' title='bbox 1199 2117 1340 2156; x_wconf 80' lang='lat' dir='ltr'><strong>consilia,</strong></span> <span class='ocrx_word' id='word_1_488' title='bbox 1358 2118 1477 2149; x_wconf 81' lang='lat' dir='ltr'><strong>imitari</strong></span> <span class='ocrx_word' id='word_1_489' title='bbox 1502 2118 1594 2149; x_wconf 87' lang='lat' dir='ltr'><strong>stude</strong></span> <span class='ocrx_word' id='word_1_490' title='bbox 1614 2120 1829 2159; x_wconf 79' lang='lat' dir='ltr'><strong>perfectorum</strong></span> 
     </span>
     <span class='ocr_line' id='line_1_83' title="bbox 1048 2171 1830 2215; baseline 0.003 -12"><span class='ocrx_word' id='word_1_491' title='bbox 1048 2172 1194 2211; x_wconf 79' lang='lat' dir='ltr'><strong>vestigia,</strong></span> <span class='ocrx_word' id='word_1_492' title='bbox 1207 2171 1423 2212; x_wconf 76' lang='lat' dir='ltr'><strong>contemplare</strong></span> <span class='ocrx_word' id='word_1_493' title='bbox 1436 2172 1593 2203; x_wconf 86' lang='lat' dir='ltr'><strong>bonorum</strong></span> <span class='ocrx_word' id='word_1_494' title='bbox 1606 2173 1716 2211; x_wconf 81' lang='lat' dir='ltr'><strong>verba,</strong></span> <span class='ocrx_word' id='word_1_495' title='bbox 1733 2183 1830 2215; x_wconf 87' lang='lat' dir='ltr'><strong>opera</strong></span> 
     </span>
     <span class='ocr_line' id='line_1_84' title="bbox 1048 2225 1828 2267; baseline 0.004 -11"><span class='ocrx_word' id='word_1_496' title='bbox 1048 2226 1165 2267; x_wconf 83' lang='lat' dir='ltr'><strong>pariter</strong></span> <span class='ocrx_word' id='word_1_497' title='bbox 1180 2228 1209 2256; x_wconf 84' lang='lat' dir='ltr'><strong>et</strong></span> <span class='ocrx_word' id='word_1_498' title='bbox 1224 2225 1382 2265; x_wconf 78' lang='lat' dir='ltr'><strong>exemplu.</strong></span> <span class='ocrx_word' id='word_1_499' title='bbox 1409 2225 1501 2263; x_wconf 67' lang='lat' dir='ltr'><strong>Fuge</strong></span> <span class='ocrx_word' id='word_1_500' title='bbox 1527 2235 1753 2266; x_wconf 82' lang='lat' dir='ltr'><strong>perversorum</strong></span> <span class='ocrx_word' id='word_1_501' title='bbox 1770 2237 1828 2259; x_wconf 86' lang='lat' dir='ltr'><strong>ve-</strong></span> 
     </span>
     <span class='ocr_line' id='line_1_85' title="bbox 1047 2279 1829 2322; baseline 0.004 -12"><span class='ocrx_word' id='word_1_502' title='bbox 1047 2289 1164 2310; x_wconf 81' lang='lat' dir='ltr'><strong>nenosa</strong></span> <span class='ocrx_word' id='word_1_503' title='bbox 1180 2279 1323 2316; x_wconf 79' lang='lat' dir='ltr'><strong>consilia,</strong></span> <span class='ocrx_word' id='word_1_504' title='bbox 1341 2279 1394 2319; x_wconf 88' lang='lat' dir='ltr'><strong>qui</strong></span> <span class='ocrx_word' id='word_1_505' title='bbox 1411 2289 1538 2320; x_wconf 86' lang='lat' dir='ltr'><strong>semper</strong></span> <span class='ocrx_word' id='word_1_506' title='bbox 1549 2283 1730 2320; x_wconf 82' lang='lat' dir='ltr'><strong>pervertere</strong></span> <span class='ocrx_word' id='word_1_507' title='bbox 1743 2291 1829 2322; x_wconf 78' lang='lat' dir='ltr'><strong>quae-</strong></span> 
     </span>
     <span class='ocr_line' id='line_1_86' title="bbox 1046 2333 1826 2374; baseline 0.003 -9"><span class='ocrx_word' id='word_1_508' title='bbox 1046 2336 1137 2372; x_wconf 88' lang='lat' dir='ltr'><strong>runt,</strong></span> <span class='ocrx_word' id='word_1_509' title='bbox 1156 2333 1308 2374; x_wconf 85' lang='lat' dir='ltr'><strong>impedire</strong></span> <span class='ocrx_word' id='word_1_510' title='bbox 1324 2337 1494 2374; x_wconf 80' lang='lat' dir='ltr'><strong>appetunt,</strong></span> <span class='ocrx_word' id='word_1_511' title='bbox 1512 2334 1651 2366; x_wconf 81' lang='lat' dir='ltr'><strong>lacerare</strong></span> <span class='ocrx_word' id='word_1_512' title='bbox 1664 2345 1730 2366; x_wconf 90' lang='lat' dir='ltr'><strong>non</strong></span> <span class='ocrx_word' id='word_1_513' title='bbox 1744 2336 1826 2367; x_wconf 80' lang='lat' dir='ltr'><strong>desi-</strong></span> 
     </span>
    </p>
   </div>
   <div class='ocr_carea' id='block_1_8' title="bbox 1867 2243 1924 2263">
    <p class='ocr_par' dir='ltr' id='par_1_8' title="bbox 1867 2243 1924 2263">
     <span class='ocr_line' id='line_1_87' title="bbox 1867 2243 1924 2263; baseline 0.018 -1"><span class='ocrx_word' id='word_1_514' title='bbox 1867 2243 1924 2263; x_wconf 75' lang='lat' dir='ltr'><strong>Nota</strong></span> 
     </span>
    </p>
   </div>
   <div class='ocr_carea' id='block_1_9' title="bbox 1855 2276 1940 2392">
    <p class='ocr_par' dir='ltr' id='par_1_9' title="bbox 1857 2276 1932 2294">
     <span class='ocr_line' id='line_1_88' title="bbox 1857 2276 1932 2294; baseline 0 0"><span class='ocrx_word' id='word_1_515' title='bbox 1857 2276 1932 2294; x_wconf 72' lang='lat' dir='ltr'><strong>contra</strong></span> 
     </span>
    </p>

    <p class='ocr_par' dir='ltr' id='par_1_10' title="bbox 1856 2303 1940 2324">
     <span class='ocr_line' id='line_1_89' title="bbox 1856 2303 1940 2324; baseline 0.012 -1"><span class='ocrx_word' id='word_1_516' title='bbox 1856 2303 1940 2324; x_wconf 71' lang='lat' dir='ltr'><strong>dissua-</strong></span> 
     </span>
    </p>

    <p class='ocr_par' dir='ltr' id='par_1_11' title="bbox 1855 2333 1933 2392">
     <span class='ocr_line' id='line_1_90' title="bbox 1855 2333 1933 2355; baseline 0.013 -1"><span class='ocrx_word' id='word_1_517' title='bbox 1855 2333 1933 2355; x_wconf 73' lang='lat' dir='ltr'><strong>dentes</strong></span> 
     </span>
     <span class='ocr_line' id='line_1_91' title="bbox 1862 2371 1930 2392; baseline 0 -7"><span class='ocrx_word' id='word_1_518' title='bbox 1862 2371 1930 2392; x_wconf 75' lang='lat' dir='ltr'><strong>opera</strong></span> 
     </span>
    </p>
   </div>
   <div class='ocr_carea' id='block_1_10' title="bbox 1046 2387 1948 2428">
    <p class='ocr_par' dir='ltr' id='par_1_12' title="bbox 1046 2387 1948 2428">
     <span class='ocr_line' id='line_1_92' title="bbox 1046 2387 1948 2428; baseline 0 -11"><span class='ocrx_word' id='word_1_519' title='bbox 1046 2390 1133 2418; x_wconf 84' lang='lat' dir='ltr'><strong>stunt</strong></span> <span class='ocrx_word' id='word_1_520' title='bbox 1143 2396 1225 2417; x_wconf 81' lang='lat' dir='ltr'><strong>nova</strong></span> <span class='ocrx_word' id='word_1_521' title='bbox 1237 2387 1335 2417; x_wconf 82' lang='lat' dir='ltr'><strong>sancti</strong></span> <span class='ocrx_word' id='word_1_522' title='bbox 1346 2388 1481 2428; x_wconf 76' lang='lat' dir='ltr'><strong>Spiritus</strong></span> <span class='ocrx_word' id='word_1_523' title='bbox 1494 2388 1646 2428; x_wconf 82' lang='lat' dir='ltr'><strong>inspirata</strong></span> <span class='ocrx_word' id='word_1_524' title='bbox 1658 2388 1824 2428; x_wconf 81' lang='lat' dir='ltr'><strong>desideria,</strong></span> <span class='ocrx_word' id='word_1_525' title='bbox 1842 2397 1948 2423; x_wconf 57' lang='lat' dir='ltr'><strong>pann-en-</strong></span> 
     </span>
    </p>
   </div>
   <div class='ocr_carea' id='block_1_11' title="bbox 1046 2440 1827 2590">
    <p class='ocr_par' dir='ltr' id='par_1_13' title="bbox 1046 2440 1827 2590">
     <span class='ocr_line' id='line_1_93' title="bbox 1047 2440 1827 2481; baseline 0 -9"><span class='ocrx_word' id='word_1_526' title='bbox 1047 2444 1077 2472; x_wconf 85' lang='lat' dir='ltr'><strong>et</strong></span> <span class='ocrx_word' id='word_1_527' title='bbox 1093 2450 1177 2481; x_wconf 83' lang='lat' dir='ltr'><strong>saepe</strong></span> <span class='ocrx_word' id='word_1_528' title='bbox 1193 2440 1253 2471; x_wconf 80' lang='lat' dir='ltr'><strong>sub</strong></span> <span class='ocrx_word' id='word_1_529' title='bbox 1268 2440 1371 2480; x_wconf 78' lang='lat' dir='ltr'><strong>specie</strong></span> <span class='ocrx_word' id='word_1_530' title='bbox 1393 2444 1423 2472; x_wconf 88' lang='lat' dir='ltr'><strong>et</strong></span> <span class='ocrx_word' id='word_1_531' title='bbox 1444 2441 1518 2472; x_wconf 87' lang='lat' dir='ltr'><strong>boni</strong></span> <span class='ocrx_word' id='word_1_532' title='bbox 1539 2443 1569 2472; x_wconf 89' lang='lat' dir='ltr'><strong>et</strong></span> <span class='ocrx_word' id='word_1_533' title='bbox 1584 2441 1720 2481; x_wconf 77' lang='lat' dir='ltr'><strong>pietatis,</strong></span> <span class='ocrx_word' id='word_1_534' title='bbox 1736 2442 1827 2473; x_wconf 90' lang='lat' dir='ltr'><strong>virus</strong></span> 
     </span>
     <span class='ocr_line' id='line_1_94' title="bbox 1046 2494 1824 2535; baseline 0.001 -10"><span class='ocrx_word' id='word_1_535' title='bbox 1046 2494 1216 2526; x_wconf 75' lang='lat' dir='ltr'><strong>infundunt</strong></span> <span class='ocrx_word' id='word_1_536' title='bbox 1239 2494 1345 2534; x_wconf 51' lang='lat' dir='ltr'><strong>impia!</strong></span> <span class='ocrx_word' id='word_1_537' title='bbox 1363 2495 1546 2535; x_wconf 85' lang='lat' dir='ltr'><strong>tepiditatis,</strong></span> <span class='ocrx_word' id='word_1_538' title='bbox 1571 2494 1711 2526; x_wconf 89' lang='lat' dir='ltr'><strong>dicentes</strong></span> <span class='ocrx_word' id='word_1_539' title='bbox 1738 2506 1744 2525; x_wconf 79' lang='lat' dir='ltr'>z</span> <span class='ocrx_word' id='word_1_540' title='bbox 1771 2495 1824 2526; x_wconf 93' lang='lat' dir='ltr'><strong>Ni-</strong></span> 
     </span>
     <span class='ocr_line' id='line_1_95' title="bbox 1047 2549 1824 2590; baseline -0.001 -9"><span class='ocrx_word' id='word_1_541' title='bbox 1047 2550 1107 2581; x_wconf 88' lang='lat' dir='ltr'><strong>mis</strong></span> <span class='ocrx_word' id='word_1_542' title='bbox 1117 2559 1166 2580; x_wconf 84' lang='lat' dir='ltr'><strong>ma</strong></span> <span class='ocrx_word' id='word_1_543' title='bbox 1172 2558 1276 2589; x_wconf 79' lang='lat' dir='ltr'><strong>gnum</strong></span> <span class='ocrx_word' id='word_1_544' title='bbox 1287 2549 1430 2590; x_wconf 84' lang='lat' dir='ltr'><strong>estquod</strong></span> <span class='ocrx_word' id='word_1_545' title='bbox 1441 2549 1565 2589; x_wconf 87' lang='lat' dir='ltr'><strong>incipis,</strong></span> <span class='ocrx_word' id='word_1_546' title='bbox 1576 2549 1673 2579; x_wconf 91' lang='lat' dir='ltr'><strong>nimis</strong></span> <span class='ocrx_word' id='word_1_547' title='bbox 1683 2549 1824 2581; x_wconf 79' lang='lat' dir='ltr'><strong>arduum</strong></span> 
     </span>
    </p>
   </div>
   <div class='ocr_carea' id='block_1_12' title="bbox 1046 2622 1825 2697">
    <p class='ocr_par' dir='ltr' id='par_1_14' title="bbox 1046 2622 1825 2697">
     <span class='ocr_line' id='line_1_96' title="bbox 1046 2622 1825 2655; baseline -0.001 -7"><span class='ocrx_word' id='word_1_548' title='bbox 1046 2636 1076 2642; x_wconf 74' lang='grc'><strong>-</strong></span> <span class='ocrx_word' id='word_1_549' title='bbox 1088 2623 1098 2639; x_wconf 76' lang='lat'><strong>³</strong></span> <span class='ocrx_word' id='word_1_550' title='bbox 1114 2623 1366 2655; x_wconf 65' lang='lat' dir='ltr'><strong>tsid.‚11econee·mpt.</strong></span> <span class='ocrx_word' id='word_1_551' title='bbox 1374 2622 1469 2653; x_wconf 75' lang='lat' dir='ltr'><strong>Mundi,</strong></span> <span class='ocrx_word' id='word_1_552' title='bbox 1481 2630 1502 2646; x_wconf 77' lang='lat' dir='ltr'><strong>r.</strong></span> <span class='ocrx_word' id='word_1_553' title='bbox 1514 2622 1543 2645; x_wconf 79' lang='lat' dir='ltr'><strong>de</strong></span> <span class='ocrx_word' id='word_1_554' title='bbox 1555 2622 1686 2646; x_wconf 69' lang='lat' dir='ltr'><strong>Conmvtio</strong></span> <span class='ocrx_word' id='word_1_555' title='bbox 1698 2622 1825 2648; x_wconf 74' lang='lat' dir='ltr'><strong>bonorum.</strong></span> 
     </span>
     <span class='ocr_line' id='line_1_97' title="bbox 1080 2665 1698 2697; baseline 0 -7"><span class='ocrx_word' id='word_1_556' title='bbox 1080 2668 1111 2696; x_wconf 81' lang='lat' dir='ltr'><strong>(ss)</strong></span> <span class='ocrx_word' id='word_1_557' title='bbox 1127 2668 1143 2691; x_wconf 62' lang='grc' dir='ltr'><strong>,Ἰ</strong></span> <span class='ocrx_word' id='word_1_558' title='bbox 1151 2667 1168 2692; x_wconf 86' lang='lat' dir='ltr'><strong>I.</strong></span> <span class='ocrx_word' id='word_1_559' title='bbox 1185 2667 1273 2697; x_wconf 77' lang='lat' dir='ltr'><strong>fugiat,</strong></span> <span class='ocrx_word' id='word_1_560' title='bbox 1288 2667 1313 2691; x_wconf 92' lang='lat' dir='ltr'><strong>in</strong></span> <span class='ocrx_word' id='word_1_561' title='bbox 1329 2667 1456 2692; x_wconf 83' lang='lat' dir='ltr'><strong>desiderio</strong></span> <span class='ocrx_word' id='word_1_562' title='bbox 1471 2666 1532 2692; x_wconf 81' lang='lat' dir='ltr'><strong>tucis</strong></span> <span class='ocrx_word' id='word_1_563' title='bbox 1547 2665 1698 2691; x_wconf 80' lang='lat' dir='ltr'><strong>inardescat,</strong></span> 
     </span>
    </p>
   </div>
   <div class='ocr_carea' id='block_1_13' title="bbox 1842 2427 1884 2447">
    <p class='ocr_par' dir='ltr' id='par_1_15' title="bbox 1842 2427 1884 2447">
     <span class='ocr_line' id='line_1_98' title="bbox 1842 2427 1884 2447; baseline 0 0"><span class='ocrx_word' id='word_1_564' title='bbox 1842 2427 1884 2447; x_wconf 68' lang='lat' dir='ltr'><strong>tim.</strong></span> 
     </span>
    </p>
   </div>
  </div>
 </body>
</html>
