2029 3052
615 254 656 286 IN
677 253 867 286 REGULAM
888 253 1081 286 FRATRUM
1102 253 1299 286 MINORUM.

149 323 288 356 mediate
313 322 444 355 subesse
464 321 583 354 coelesti
606 322 722 361 curiae,
745 323 777 354 et
796 321 836 354 ab
858 321 928 363 ipso

148 378 246 410 fuisse
262 377 396 410 Domino
410 376 601 416 institutam,
615 378 646 409 et
661 386 680 409 a
694 376 810 408 sanctis
823 375 926 408 Patri-

148 431 208 463 bus
229 431 461 472 gubernatam,
485 431 541 471 qui
564 431 718 463 habentes
738 429 927 471 sapientiam

147 487 179 517 et
192 484 314 526 ,iudicia
341 484 468 516 mittere
497 485 555 516 toti
583 484 722 523 mundo,
750 484 928 516 secundum

147 537 226 570 illud
240 539 350 570 tamen
363 538 506 570 officium
528 538 691 579 prolixum
712 538 928 571 laudaverunt

147 592 359 631 Altissimum,
374 592 456 624 sicut
467 594 499 624 et
515 593 625 625 laudat
638 602 739 634 usque
751 592 846 624 hodie
861 592 928 624 Ro-

147 655 243 678 mana
255 647 403 686 Ecclesia,
416 647 568 688 regimini
580 647 791 679 nihilominus
803 647 926 678 intenta

147 702 294 734 Ecclesiae
302 702 503 743 universalis,
517 703 633 743 quibus
646 702 743 735 etiam
755 702 814 734 fuit
827 702 929 733 maxi-

147 765 210 788 mae
230 755 452 788 sollicitudinis
465 755 551 787 inter
575 765 687 788 omnes
713 755 925 795 necessitates,

146 809 287 841 sciebant
312 811 420 841 tamen
451 809 665 841 clarissimum
692 819 761 841 esse
789 810 928 842 laudum

146 863 301 895 meritum
311 863 506 903 divinarum,
519 864 551 895 et
562 873 619 905 per
631 872 842 904 consequens,
856 864 928 895 bre-

145 919 279 951 vitatem
292 918 440 959 laudum,
457 919 647 950 brevitatem
669 927 810 959 arguere
826 919 927 950 meri-

145 974 265 1004 torum.
282 972 361 1004 Cum
376 982 454 1012 ergo
471 973 554 1004 nulli
569 973 727 1004 incumbit
744 974 832 1004 tanta
846 973 928 1004 solli-

146 1026 252 1058 citudo
267 1027 399 1058 vacandi
414 1027 590 1067 sapientiae,
607 1036 666 1067 pro
681 1027 854 1066 regimine,
876 1027 928 1058 vel

146 1079 358 1112 illustratione
372 1080 562 1113 universalis
583 1081 743 1120 Ecclesiae,
767 1081 848 1112 sicut
870 1080 929 1112 Ec-

146 1133 250 1164 elesiae
266 1133 433 1172 Romanae;
450 1134 531 1165 nulli
545 1143 604 1174 pro
620 1133 769 1166 Ecclesiae
783 1133 929 1165 ministe-

145 1185 207 1224 rio,
223 1187 278 1217 aut
297 1186 415 1226 studio,
441 1188 591 1227 congruit
610 1187 689 1219 illud
711 1187 853 1219 officium
875 1187 929 1218 ab·

145 1239 303 1272 breviare.
328 1239 481 1281 Suspecta
501 1243 549 1272 est
568 1250 648 1281 ergo
671 1241 844 1281 cujuslibet
863 1251 928 1272 nn-

145 1293 233 1324 tricis
252 1293 362 1334 pietas,
383 1303 457 1335 quae
481 1295 633 1326 affectum
655 1297 746 1336 putat
761 1297 926 1327 transcen-

145 1346 220 1378 dere
246 1348 342 1379 tantae
370 1348 491 1380 matris.
525 1349 683 1380 Praeterea
713 1349 854 1380 multum
888 1350 929 1381 ad

145 1400 413 1434 illuminationem
442 1403 567 1443 proficit
593 1403 721 1444 piarum
748 1404 926 1443 mentium,

145 1453 278 1486 laudum
289 1455 511 1496 frequentatio,
518 1458 614 1497 juxta
622 1457 703 1489 illud
711 1457 887 1490 Psalmistee
898 1462 906 1478 ¹
919 1469 926 1490 ε

145 1509 351 1548 Sacrificium
374 1510 483 1543 laudis
507 1511 734 1551 honorificabit
761 1520 820 1544 me.
848 1512 929 1544 Gre-

146 1563 272 1602 goriuS,
288 1571 385 1604 super
398 1565 598 1597 Ezechielem
611 1569 622 1585 2
642 1577 654 1597 .·
674 1565 769 1598 «Vox
789 1567 928 1606 psalmo-

145 1617 207 1648 diae
223 1626 298 1648 cum
313 1627 370 1658 per
384 1618 595 1650 intentionem
609 1620 712 1651 cordis
729 1620 852 1660 agitur,
873 1630 930 1661 per

145 1670 229 1702 hanc
247 1671 458 1711 omnipotenti
480 1672 543 1704 Deo
565 1673 604 1704 ad
629 1682 683 1704 eor
704 1673 764 1704 iter
785 1675 927 1714 paratur,

145 1726 181 1755 ut
193 1725 316 1758 devotae
332 1726 432 1756 menti
452 1726 504 1758 vel
527 1727 703 1767 prophetiae
725 1727 927 1768 mysterium,

145 1780 201 1810 aut
214 1780 470 1820 compunctionis
485 1781 590 1820 gratia
604 1781 802 1813 infundatur.
819 1793 833 1811 »

187 1833 249 1864 Pro
264 1833 489 1865 informatione
511 1834 669 1866 laicorum
684 1836 812 1867 subdit:
834 1837 931 1870 Laici

146 1894 219 1919 vero
245 1886 358 1919 dicant
380 1888 505 1928 viginti
529 1891 665 1927 quatuor
693 1889 787 1921 Pater
811 1893 928 1923 noster.

146 1940 324 1972 Doceantur
335 1942 443 1972 autem
458 1941 540 1980 laici,
562 1942 648 1982 quod
668 1942 729 1973 tria
749 1943 819 1974 haec
837 1953 930 1975 voca-

145 1995 223 2026 bula
238 1995 332 2027 Pater
345 1999 462 2034 noster,
480 1997 536 2035 qni
550 2003 582 2028 es
600 1997 636 2028 in
653 1997 748 2036 coetts,
767 1998 929 2038 pertinent

145 2049 185 2080 ad
199 2049 298 2080 animi
319 2049 596 2089 praeparationem,
618 2050 694 2090 quia
715 2060 788 2082 eum
812 2052 881 2083 vult
895 2062 928 2084 se

145 2103 306 2134 nominari
323 2103 406 2134 Deus
427 2104 564 2142 Patrem,
580 2104 633 2135 dat
656 2105 807 2137 fiduciam
829 2106 928 2147 impe-

145 2157 261 2196 trandi,
279 2158 354 2197 quia
368 2159 457 2198 pater
469 2158 606 2189 libenter
622 2159 696 2189 filiis
710 2159 905 2192 thesaurizat
917 2172 925 2200 ;

146 2219 221 2241 eum
236 2219 313 2242 vero
328 2211 443 2242 dicitur
462 2214 579 2250 noster,
599 2213 688 2244 docet
708 2213 927 2246 dilatationem

147 2264 290 2303 affectus,
312 2266 350 2296 ut
377 2265 485 2297 nullus
509 2266 688 2297 orationem
713 2276 806 2299 suam
829 2269 869 2300 ad
893 2278 926 2300 se

146 2318 251 2349 solum
279 2319 465 2358 contrahat3
497 2329 571 2351 eum
596 2320 722 2359 dicitur,
751 2323 809 2362 qni
830 2331 862 2355 es
891 2324 928 2355 in

146 2372 242 2411 coelz’s,
255 2373 370 2404 excitat
384 2373 559 2413 puritatem
571 2374 766 2415 intentionis,
783 2379 819 2407 ut
829 2386 925 2408 orans

146 2426 213 2457 sola
232 2426 371 2457 coelestia
392 2428 511 2458 orando
530 2428 685 2468 requirat.
711 2429 790 2460 Cum
817 2433 927 2462 autem

146 2480 278 2511 subdit:
307 2481 541 2520 Sanctificetur,
569 2483 671 2513 oratio
698 2484 926 2525 subJungitur,

148 2543 220 2574 quae
234 2535 267 2566 in
284 2537 404 2576 septem
420 2536 625 2577 petitionibus
640 2539 831 2579 continetur,
851 2550 927 2581 qua-

148 2597 222 2619 rum
237 2590 351 2629 primae
367 2592 430 2621 tres
445 2590 561 2622 directe
572 2593 730 2631 pertinent
744 2594 783 2624 ad
800 2594 853 2625 Dei
870 2595 927 2626 ho-

147 2651 270 2682 norem,
286 2646 426 2684 quatuor
441 2647 609 2685 sequentes
623 2647 662 2677 ad
674 2648 849 2687 petentium
866 2649 928 2680 uti-

180 2723 274 2783 ¹1l5³sal.
297 2730 371 2756 thx,
394 2727 432 2751 23,
449 2739 479 2744 -
497 2728 506 2743 2
526 2728 645 2758 Gregor„
661 2728 686 2752 in
706 2728 805 2760 Ezech.,
820 2729 890 2755 hom.
907 2736 924 2761 1,

148 2765 175 2782 u.
224 2776 231 2783 .

1705 255 1763 285 571

984 321 1118 354 litatem.
1143 322 1222 354 Cum
1255 321 1342 353 enim
1370 320 1512 353 dicitur:
1536 320 1766 361 Sanctificetur

984 384 1099 409 nomen
1114 378 1214 415 tuum,
1231 375 1350 416 petitur
1367 376 1404 406 ut
1424 374 1498 406 fidei
1520 375 1639 408 veritas
1659 375 1766 407 certis-

984 432 1076 469 sima,
1094 438 1157 471 qua
1168 429 1250 461 Deus
1261 431 1308 461 est
1322 431 1413 470 pater
1427 428 1587 468 fidelium,
1604 431 1635 460 et
1657 429 1766 461 fideles

985 483 1042 515 filii
1063 484 1119 515 Dei
1142 483 1360 525 appellantur,
1386 483 1426 515 ab
1448 483 1630 514 infidelibus
1651 491 1766 523 cogno-

985 539 1102 569 scatur.
1128 538 1208 569 Cum
1224 539 1333 569 autem
1351 537 1470 569 dieitur
1496 548 1502 568 :
1526 536 1691 570 Adveniat
1716 544 1764 569 re-

984 600 1083 633 qnum
1099 594 1202 631 tuum,
1226 591 1353 632 petitur,
1375 593 1411 622 ut
1431 592 1501 632 ejiis
1514 591 1644 631 legibus
1664 600 1682 622 a
1697 599 1766 622 cre-

985 647 1133 679 dentibus
1152 646 1330 678 obediatur.
1350 646 1425 679 Fiat
1443 646 1594 680 voluntas
1617 648 1675 679 tua
1682 655 1694 686 ;
1711 654 1766 686 pe-

985 701 1074 740 titur,
1086 702 1122 732 ut
1137 702 1164 741 ej
1170 709 1206 732 us
1220 700 1345 731 bonitas
1360 700 1525 740 diligatur,
1541 702 1572 732 et
1586 701 1717 741 propter
1731 709 1766 732 se

986 755 1109 787 colatur
1121 755 1160 786 ab
1175 754 1323 793 infirmis,
1341 754 1421 785 sicut
1436 763 1455 785 a
1472 753 1618 785 fortibus
1635 753 1671 785 In
1689 763 1767 795 qua-

985 812 1060 841 tuor
1072 811 1180 841 autem
1199 808 1407 849 petitionibus
1421 807 1639 848 sequentibus,
1660 807 1766 848 primo

986 863 1103 904 petitur
1116 863 1240 895 collatio
1252 862 1357 894 omnis
1373 862 1448 894 boni
1461 861 1587 902 corpori
1605 862 1635 892 et
1649 860 1767 892 animae

985 916 1172 955 necessarii,
1198 925 1273 948 cum
1297 916 1413 947 dicitur
1445 926 1451 946 :
1481 914 1600 947 Panem
1624 915 1768 947 nostrum

985 971 1215 1011 quotidianum
1228 970 1272 1003 cla
1281 970 1373 1003 nobis
1384 969 1488 1003 hodie.
1505 969 1542 1001 Et
1553 968 1689 1010 petendo
1700 970 1767 999 tan-

985 1026 1055 1056 tum
1064 1034 1122 1065 pro
1132 1025 1238 1064 hodie,
1251 1024 1391 1056 excludit
1402 1024 1598 1065 proterviam
1610 1022 1766 1061 avaritiae,

985 1079 1244 1110 incertitudinem
1278 1078 1354 1111 vitae
1384 1077 1588 1109 insinuando.
1620 1076 1767 1108 Secundo

986 1133 1134 1165 subditur
1168 1134 1278 1175 petitio
1313 1133 1483 1164 amotionis
1515 1133 1620 1164 omnis
1649 1132 1726 1164 mali
1758 1143 1765 1164 :

986 1187 1090 1227 primo
1113 1190 1271 1228 quantum
1295 1187 1335 1218 ad
1361 1187 1541 1227 praeterita,
1570 1195 1644 1217 eum
1666 1185 1765 1217 dicit:

987 1242 1031 1273 Et
1045 1241 1175 1274 dimitte
1188 1241 1279 1274 nobis
1291 1241 1400 1273 debita
1414 1243 1538 1279 nostra,
1553 1240 1609 1271 ubi
1621 1240 1766 1280 implica-

986 1297 1039 1326 tur
1053 1295 1197 1327 debitum
1212 1296 1415 1334 innocentiae,
1433 1297 1470 1326 ut
1490 1295 1566 1326 sciat
1586 1303 1619 1326 se
1642 1295 1683 1326 ad
1698 1304 1768 1326 ma-

986 1349 1055 1381 lum
1070 1358 1166 1381 suum
1190 1351 1308 1390 petere,
1326 1350 1383 1390 qui
1403 1349 1438 1380 in
1457 1349 1551 1380 corde
1571 1358 1628 1380 suo
1652 1349 1768 1380 retinet

986 1404 1092 1436 adhuc
1105 1413 1273 1436 rancorem
1288 1404 1356 1435 irae.
1375 1402 1531 1442 Secundo,
1552 1405 1712 1444 quantum
1728 1404 1769 1435 ad

985 1458 1103 1496 sutura,
1118 1459 1153 1489 ut
1167 1457 1261 1489 detur
1271 1458 1376 1498 gratia
1390 1457 1498 1488 omnia
1508 1457 1669 1489 devitandi
1685 1458 1769 1498 peri-

986 1511 1057 1542 cula
1071 1513 1285 1552 peccatorum,
1301 1512 1353 1543 vel
1374 1512 1599 1550 tentationum,
1620 1521 1695 1543 cum
1716 1512 1763 1543 di-

986 1566 1053 1597 cit:
1079 1567 1125 1599 Et
1148 1575 1187 1598 ne
1202 1574 1260 1599 nos
1275 1566 1414 1598 inducas
1437 1567 1474 1598 in
1498 1567 1718 1606 tentationem,
1736 1567 1769 1598 id

986 1623 1042 1659 est,
1059 1630 1099 1652 ne
1114 1620 1223 1652 induci
1236 1620 1410 1661 permittas.
1424 1620 1541 1659 Tertio,
1556 1622 1715 1661 quantum
1728 1621 1769 1652 ad

986 1675 1141 1715 presentis
1155 1675 1243 1706 exilii
1258 1675 1409 1706 universa
1428 1674 1512 1705 mala
1534 1675 1715 1714 praesentia,
1733 1677 1769 1707 ut

985 1729 1139 1760 habentes
1157 1729 1257 1761 vitam
1281 1730 1315 1759 in
1340 1728 1505 1769 patientia,
1527 1730 1663 1760 mortem
1678 1731 1769 1770 opte-

985 1792 1059 1814 mus
1081 1783 1181 1815 vitam
1206 1783 1316 1821 istam,
1339 1792 1412 1814 cum
1439 1782 1573 1813 Domino
1595 1783 1766 1823 placuerit,

985 1838 1221 1868 terminantem.
1246 1837 1284 1868 Et
1306 1837 1376 1867 haec
1391 1836 1500 1867 omnia
1522 1837 1764 1877 confirmantur,

985 1900 1058 1922 cum
1072 1891 1146 1922 dicit
1163 1900 1170 1922 :
1193 1891 1305 1922 Amen.
1324 1890 1381 1922 Ubi
1397 1890 1575 1921 notandum
1591 1891 1677 1931 quod
1698 1891 1768 1923 haec

985 1945 1086 1976 oratio
1104 1945 1187 1976 inter
1202 1954 1314 1976 omnes
1334 1946 1381 1975 est
1395 1945 1557 1985 praecipue
1573 1945 1764 1984 veneranda,

985 2008 1060 2030 cum
1081 2000 1120 2030 ab
1143 2000 1211 2039 ipso
1235 1998 1385 2037 Domino,
1412 1998 1501 2029 nullo
1528 1998 1644 2037 medio,
1671 1999 1767 2030 fuerit

984 2053 1140 2085 instituta.
1157 2053 1236 2084 Dicit
1257 2055 1366 2084 autem
1385 2053 1495 2084 beatus
1519 2052 1704 2084 Franciseus
1728 2053 1766 2084 si-

984 2110 1122 2147 gnanter
1151 2107 1409 2147 vigintiquatuor
1444 2107 1540 2139 Pater
1567 2109 1674 2139 noster
1708 2117 1766 2148 pro

984 2162 1150 2200 Matutino,
1166 2162 1242 2202 quia
1255 2162 1398 2193 officium
1414 2162 1601 2193 nocturnale
1613 2162 1766 2193 excubias

984 2219 1192 2257 repraesentat
1206 2218 1328 2248 civium
1339 2226 1565 2257 supernorum,
1584 2219 1614 2248 et
1623 2217 1677 2248 illo
1688 2218 1765 2248 tem-

983 2281 1060 2311 pore
1075 2271 1137 2302 Deo
1153 2273 1199 2302 est
1221 2271 1412 2302 sacrificium
1432 2271 1550 2310 laudis,
1576 2273 1607 2302 et
1630 2271 1765 2310 Angelis

983 2325 1249 2365 acceptissimum.
1274 2324 1435 2355 Numerus
1449 2326 1558 2355 autem
1585 2324 1764 2364 vigesimus

982 2382 1117 2420 quartus
1133 2382 1179 2411 est
1193 2388 1348 2410 numerus
1362 2379 1495 2410 Patrum
1509 2379 1677 2418 utriusque
1693 2378 1763 2409 Tes-

982 2434 1126 2465 tamenti.
1140 2434 1311 2465 Duodecim
1322 2434 1407 2464 enim
1418 2434 1547 2464 fuerunt
1559 2432 1761 2472 patriarchae,

982 2497 1038 2528 per
1054 2497 1134 2528 quos
1155 2488 1383 2528 multiplicatus
1406 2491 1451 2518 est
1475 2487 1612 2527 populus
1636 2487 1764 2518 ereden-

982 2542 1062 2572 tium
1088 2542 1270 2580 carnaliter3
1297 2541 1463 2573 duodecim
1486 2541 1581 2571 etiam
1608 2541 1761 2581 Apostoli,

983 2605 1038 2636 per
1054 2605 1134 2636 quos
1152 2596 1186 2627 in
1208 2606 1293 2627 novo
1314 2596 1337 2626 T
1340 2597 1516 2627 estameuto
1533 2595 1763 2636 multiplicatus
1798 2622 1801 2624 .

982 2653 1028 2681 est
1042 2650 1180 2690 populus
1194 2650 1391 2681 credentium
1407 2649 1626 2689 spiritualiter.
1645 2649 1761 2680 Petunt

982 2713 1062 2744 ergo
1076 2705 1189 2736 fratres
1203 2705 1236 2734 in
1258 2703 1410 2744 mysterio
1425 2704 1524 2744 hujus
1543 2704 1683 2742 numeri,
1704 2712 1760 2743 op-

982 2759 1085 2789 tantes
1099 2758 1132 2788 in
1145 2757 1313 2797 utriusque
1335 2756 1527 2788 Testamenti
1544 2758 1673 2796 patrum
1697 2766 1761 2787 me-
