2060 3052
563 248 614 282 DE
637 249 694 282 SS.
717 249 947 283 APOSTOLlS.
971 250 1104 283 SERMO
1126 250 1193 285 vll.
1652 257 1692 289 49

133 319 252 345 Cantabit
266 325 364 344 vacuus
379 324 468 343 coram
482 317 581 343 latrone
595 317 679 343 viator
690 319 709 344 ¹.

0 369 51 392 niue
100 367 185 396 Falsa
197 369 239 395 est
253 375 325 403 ergo
338 365 504 400 beatitudo,
520 367 548 394 et
562 374 651 401 vana,
666 374 732 402 quae
744 365 849 394 haberi

0 403 45 456 ᾖξ’
64 416 162 452 potest
181 423 198 442 a
220 414 307 442 malis
326 413 358 441 in
379 413 506 441 mundo.
530 413 617 447 Quod
639 413 663 440 si
682 413 849 441 rationibus

1 465 32 488 id.
66 461 254 490 evidentibus
268 468 329 488 non
344 460 518 496 acquiescis,
535 460 606 488 audi
620 460 763 488 eximium
779 462 849 488 Pro-

906 320 967 354 tur;
989 319 1037 348 vel
1061 320 1156 348 securi
1181 320 1304 357 praecisa
1325 320 1543 358 submergitur,
1566 324 1594 352 et
1615 323 1691 359 ignis

905 365 1046 394 incendio
1061 369 1254 403 praeparatur.
1277 369 1350 396 Nam
1365 368 1413 397 leo
1434 369 1524 398 valde
1541 370 1690 406 gloriosus
1733 381 1812 401 Exom-

905 411 1028 448 incedit,
1052 414 1229 443 animalium
1252 424 1304 444 rex
1324 416 1464 453 existens3
1485 417 1536 445 sed
1559 417 1632 446 dum
1651 418 1690 446 ad
1705 412 1774 438 th-

906 462 1033 488 mortem
1053 461 1151 495 venit,
1176 470 1293 491 amaras
1315 463 1464 500 lacrymas
1482 464 1588 493 fundit.
1615 467 1689 494 Nero

65 509 222 546 phetarum
237 508 314 536 hanc
331 507 548 536 beatitudinem
565 507 782 536 describentem
795 529 802 541 ,
822 509 850 535 et

66 564 127 585 non
138 563 200 585 esse
212 554 426 584 beatitudinem
441 556 663 583 asserentemss«
678 556 751 582 Erue
763 563 821 590 me,
833 564 846 581 »

66 603 172 640 inquit,
191 612 204 629 α
221 602 258 630 de
271 609 364 630 manu
378 602 511 630 tiliorum
524 602 702 637 alienorum,
719 610 850 638 quorum

66 659 100 679 os
113 650 247 679 locutum
270 651 313 678 est
335 649 513 684 vanitatem,
539 651 567 677 et
593 649 717 677 dextera
744 657 850 677 eorum

67 698 187 726 dextera
205 696 378 733 iniquitatis.
400 707 414 723 υ
437 698 508 724 Ecce
532 696 591 724 oris
613 696 772 732 operisque
793 695 850 723 ini-

66 745 177 781 quitas3
193 744 246 772 sed
259 743 379 772 additur
393 743 492 771 statim
507 743 640 771 humana
655 743 847 780 prosperitas,

64 791 174 828 primo,
196 791 298 827 quoad
321 790 453 818 filiorum
474 789 661 825 felicitatem,
684 798 753 818 cum
777 790 850 817 dici-

65 840 111 866 tur
127 839 136 855 ³
151 847 158 866 z
177 846 191 864 «
205 838 338 872 Quorum
351 837 404 865 filii
421 838 495 866 sicut
509 837 635 866 novellae
650 837 850 874 plantationes

64 884 94 912 in
106 884 144 921 (a)
153 885 305 921 Juventute
319 893 387 920 sua;
399 884 468 913 filiae
481 893 586 913 eorum
601 885 781 921 compositae,
796 885 850 912 cir-

65 933 264 966 cumornatae,
281 933 314 960 ut
338 932 501 960 similitudo
527 932 640 969 templi.
657 942 670 958 n
688 931 825 960 Secundo
840 953 849 966 ,

65 979 167 1016 quoad
190 979 352 1007 bladorum
376 978 573 1014 fertilitatem,
598 988 667 1007 cum
691 980 798 1007 dicitur
816 978 848 1007 ⁴:

69 1036 82 1052 α
97 1026 300 1063 promptuaria
315 1034 420 1054 eorum
437 1026 542 1063 plena,
563 1027 726 1054 eructantia
741 1034 778 1054 ex
791 1027 850 1054 hoc

64 1073 95 1101 in
111 1073 195 1101 illud.
218 1083 232 1100 i)
253 1073 359 1109 Tertio,
382 1074 485 1110 quoad
507 1074 684 1102 animalium
701 1073 849 1101 foecundi-

65 1123 169 1156 tatem,
195 1129 263 1149 cuin
289 1122 395 1150 dicitur
414 1123 424 1139 ⁵
448 1132 454 1148 ι
473 1132 486 1148 (ι
502 1123 576 1151 Oves
596 1131 701 1150 eorum
721 1122 850 1157 soetosae,

65 1168 253 1196 abundantes
277 1169 308 1196 in
330 1169 498 1205 egressibus
524 1169 602 1202 suis,
625 1169 719 1197 boves
745 1177 850 1197 eorum

65 1223 179 1244 crassae.
198 1225 211 1241 i)
223 1216 343 1249 Quarto,
368 1216 471 1252 quoad
494 1225 656 1252 corporum
678 1216 849 1250 sanitatem,

65 1271 134 1290 cum
148 1262 275 1291 infertur
286 1263 296 1280 ⁴³
311 1272 317 1291 z
331 1274 343 1289 «
356 1264 420 1291 Non
435 1265 477 1291 est
491 1263 579 1291 ruina
592 1263 739 1298 macerias,
752 1272 849 1300 neque

64 1309 217 1345 transitus,
233 1318 330 1346 neque
346 1310 459 1338 clamor
478 1311 508 1338 in
529 1310 634 1346 plateis
652 1319 769 1338 eorum.
786 1321 800 1336 v>
818 1312 851 1338 Et

65 1356 216 1385 concludit
229 1358 240 1374 ⁷
254 1366 260 1384 :
277 1359 421 1385 «Beatum
438 1357 585 1393 dixerunt,
603 1357 650 1385 cui
663 1358 727 1385 haec
743 1360 847 1385 sunt.»

64 1405 129 1432 Non
152 1404 215 1440 ipse
239 1404 290 1440 (b),
315 1404 368 1432 sed
392 1404 444 1440 qui
465 1404 544 1432 stulti
565 1406 649 1439 sunt,
668 1405 850 1433 attendentes

65 1451 130 1479 sola
142 1451 310 1487 praesentia,
326 1451 399 1479 tales
412 1451 575 1487 praedicant
588 1460 650 1480 esse
661 1452 776 1480 beatos.
792 1452 849 1480 Sed

65 1498 215 1534 numquid
238 1501 280 1526 est
299 1499 350 1533 ita,
366 1500 465 1526 sancte
481 1499 647 1535 Propheta?
664 1500 712 1526 Dic
731 1500 849 1527 senten-

65 1545 137 1573 tiam
157 1547 250 1580 tuam,
273 1554 365 1582 quam
386 1545 442 1573 scis
465 1554 527 1573 esse
552 1554 654 1574 veram
673 1556 679 1573 :
701 1557 717 1571 α
739 1548 813 1580 Non,
834 1558 846 1572 )1

65 1592 171 1629 inquit,
186 1602 199 1618 ι(
215 1594 257 1620 est
272 1593 323 1627 ita,
338 1603 351 1618 n
365 1593 417 1620 sed
429 1593 439 1609 ⁸
456 1602 470 1619 «
485 1593 591 1621 beatus
607 1593 750 1629 populus,
765 1594 849 1628 cujus

65 1641 107 1667 est
122 1639 262 1667 Dominus
282 1641 357 1667 Deus
380 1640 454 1675 ejus.
472 1650 486 1667 »
505 1640 664 1674 Quomodo
686 1641 790 1668 beatus
807 1643 850 1669 est

63 1686 155 1715 homo
176 1688 298 1723 propter
318 1687 400 1714 bona
419 1687 605 1723 supradicta,
623 1696 689 1723 quae
709 1687 848 1716 citissime

64 1736 131 1763 sunt
145 1735 318 1770 transitura,
336 1743 402 1770 quae
417 1743 479 1763 non
495 1735 608 1763 ducunt
623 1736 662 1763 ad
676 1736 780 1771 vitam,
796 1737 848 1764 sed

63 1781 102 1809 ad
111 1780 336 1810 damnationem
348 1783 511 1810 aeternam?
524 1783 568 1810 Sic
580 1782 659 1810 enim
672 1783 743 1810 dicit
751 1784 806 1811 Job
817 1785 826 1800 ⁹
839 1794 847 1811 .-

66 1839 79 1855 «
94 1830 189 1863 Quare
201 1829 285 1865 impii
303 1829 423 1864 vivunt,
440 1829 587 1857 sublevati
602 1831 681 1863 sunt,
699 1831 847 1859 contorta-

63 1876 143 1911 tique
160 1876 288 1903 divitiis?
304 1877 409 1904 Semen
425 1884 529 1904 eorum
541 1880 695 1912 permanet
711 1886 780 1905 cum
793 1879 845 1912 eis,

62 1923 303 1959 propinquorum
317 1923 415 1957 turba,
433 1925 460 1950 et
475 1926 629 1959 nepotum,
646 1924 676 1952 in
686 1927 846 1961 conspectu

63 1978 178 1998 eorum.
195 1971 305 1997 Domus
321 1977 426 1997 eorum
443 1978 553 1998 securae
568 1973 652 2005 sunt,
674 1974 702 1998 et
721 1974 845 2007 pacatae,

63 2019 90 2045 et
104 2025 166 2045 non
182 2018 224 2045 est
238 2017 321 2052 virga
337 2017 386 2044 Dei
401 2025 491 2053 super
507 2025 567 2045 eos.
584 2019 639 2045 Bos
655 2026 759 2046 eorum
776 2027 846 2047 con-

62 2065 149 2101 cepit,
171 2067 198 2093 et
218 2073 280 2093 non
302 2065 441 2093 abortivit
457 2075 464 2092 .·
480 2073 572 2093 vacca
591 2066 716 2101 peperit,
739 2068 766 2094 et
784 2074 845 2094 non

63 2114 106 2139 est
119 2112 235 2148 privata
255 2112 328 2140 foetu
352 2121 417 2140 suo.
434 2113 646 2147 Egrediuntur,
668 2114 753 2149 quasi
777 2122 844 2148 gre-

62 2167 124 2193 geS,
138 2159 256 2195 parvuli
272 2167 387 2194 eorum,
402 2161 430 2187 et
450 2159 576 2187 infantes
592 2168 698 2188 eorum
714 2160 846 2189 exultant

61 2205 187 2240 lusibus,
203 2208 301 2233 tenent
319 2208 496 2242 tympanum
517 2209 544 2234 et
559 2207 713 2240 citharam,
729 2210 756 2235 et
772 2215 844 2242 gau—

63 2252 133 2280 dent
149 2252 187 2280 ad
203 2252 333 2280 sonitum
354 2253 470 2288 organi.
492 2264 506 2280 »
526 2254 582 2281 Sed
597 2253 667 2281 audi
689 2254 798 2288 finem,
818 2256 845 2282 et

62 2307 124 2327 non
140 2299 221 2327 dicas
233 2307 284 2327 eos
294 2299 403 2334 felices,
415 2300 467 2327 sed
483 2301 607 2329 miseros
623 2302 643 2318 ¹⁰
655 2303 814 2336 :«Ducunt,
828 2312 841 2327 »

61 2347 168 2383 inquit,
186 2356 199 2372 «
214 2346 245 2374 in
266 2346 354 2374 bonis
370 2346 404 2382 (c)
421 2347 483 2374 dies
499 2356 579 2382 suOS,
595 2350 623 2376 et
637 2349 668 2376 in
682 2352 793 2384 puncto
805 2350 844 2378 ad

62 2394 177 2422 inferna
193 2394 387 2422 descendunt.
409 2404 422 2420 ι)
441 2395 486 2421 Est
503 2395 582 2422 enim
602 2396 699 2423 omnis
715 2396 780 2424 talis
796 2405 843 2424 ar-

62 2441 129 2469 bori
144 2441 262 2475 similis,
279 2449 345 2477 quae
359 2440 488 2468 multum
506 2443 548 2468 est
563 2441 687 2477 elevata,
703 2443 844 2471 foliorum

62 2489 230 2517 amoenitate
254 2489 377 2525 vestita,
405 2489 549 2517 fructibus
571 2492 598 2517 ct
621 2490 745 2519 floribus
765 2491 844 2519 redi-

62 2537 148 2572 mita,
169 2537 222 2565 sed
241 2537 334 2565 ventis
349 2545 473 2565 excussa
495 2536 681 2571 discinditur,
705 2540 732 2566 et
753 2539 844 2568 sicca-

97 2623 104 2640 ¹
123 2622 250 2653 Juvenal„
264 2622 308 2647 lib.
331 2624 379 2654 ltl,
395 2624 479 2654 Satyr.
497 2629 522 2647 x.
538 2636 568 2640 —-
584 2624 594 2639 ²
608 2623 678 2647 Psal.
694 2630 784 2653 ch111,
802 2626 843 2649 11.

62 2670 94 2675 —
113 2658 124 2674 ⁸
147 2658 219 2689 thid„
242 2660 278 2682 12.
295 2672 325 2676 -
346 2659 356 2674 ⁶
376 2659 450 2689 ibid„
471 2661 508 2682 13.
530 2672 560 2676 -
582 2660 591 2676 ⁵
615 2659 690 2689 ibid„
713 2661 797 2684 13-14.
815 2673 842 2678 ·—

63 2694 72 2708 ⁰
94 2694 167 2725 thid„
190 2696 226 2718 14.
248 2707 277 2712 —
301 2695 308 2709 7
330 2694 403 2725 thid„
425 2696 461 2718 15.
482 2707 512 2712 —
534 2695 541 2708 Β
562 2695 626 2719 ibid.
643 2708 673 2712 —
694 2695 702 2709 ³
717 2695 769 2725 Job‚
786 2702 843 2725 ni,

63 2731 127 2754 7-1-2.
149 2744 179 2747 —
205 2731 223 2746 ¹⁰
247 2730 320 2762 ibid„
343 2732 380 2754 13.
402 2744 433 2748 -
452 2732 470 2747 ¹¹
492 2731 520 2754 ln
540 2731 589 2755 Vit.
610 2731 636 2755 S.
662 2730 786 2761 Ambros„
811 2739 844 2755 ex

905 506 1070 543 Imperator
1085 530 1093 543 ,
1124 509 1192 537 licet
1219 511 1249 538 in
1277 513 1392 539 tantum
1416 511 1503 540 fuerit
1533 512 1602 540 felix
1616 534 1625 547 ,
1658 514 1692 541 ut

907 554 1069 590 piscaretur
1085 556 1197 584 retibus
1211 558 1319 593 aureis,
1340 559 1461 587 invasus
1476 559 1582 588 ultimo
1602 568 1619 588 a
1633 561 1691 588 Ro-

906 602 1014 637 manu,
1028 601 1161 638 fugiens,
1188 604 1327 632 dentibus
1349 605 1455 634 fustem
1480 607 1613 642 exacuit,
1629 616 1691 644 quo

906 656 936 676 se
952 657 1006 685 per
1020 652 1154 678 ventrem
1169 651 1340 687 transfodit,
1356 654 1384 680 et
1404 653 1445 681 sic
1465 654 1555 682 vitam
1578 655 1690 689 finivit,

907 704 998 732 quem
1013 700 1201 726 asseruerunt
1218 706 1281 727 esse
1301 698 1428 728 felicem.
1446 702 1550 729 Beatus
1565 702 1692 730 Ambro-

907 743 967 770 sius
982 742 1013 778 ¹¹,
1025 744 1099 772 dum
1115 744 1152 772 de
1167 746 1334 774 Mediolano
1351 749 1476 776 Romam
1491 748 1555 784 iret,
1571 749 1601 776 in
1615 757 1691 785 qua-

907 789 978 818 dam
992 791 1065 819 villa
1079 793 1210 820 Thusciae
1225 794 1308 830 apud
1323 794 1448 823 divitem
1461 796 1627 832 hospitatus
1638 799 1690 824 est.

907 838 1040 874 Cumque
1067 839 1157 868 simul
1180 841 1331 877 sederent,
1354 844 1382 870 et
1402 844 1428 871 S.
1456 843 1630 872 Ambrosius
1655 844 1692 871 de

906 887 982 913 statu
996 886 1059 921 ejus
1074 890 1234 923 quaereret;
1252 889 1301 917 ille
1317 890 1357 918 ait
1372 899 1379 917 ε
1394 901 1408 917 «
1425 891 1559 925 Domine,
1575 899 1693 927 semper

905 931 1091 961 felicissimus
1111 934 1168 968 fui,
1191 937 1219 963 et
1233 935 1326 971 filios,
1352 938 1379 965 et
1400 937 1543 966 familiam
1567 939 1692 967 multam

906 979 1011 1014 habui,
1025 980 1143 1009 divitias
1157 982 1393 1012 innumerabiles
1409 985 1602 1020 congregavi,
1619 986 1694 1013 nihil

906 1034 1062 1063 nunquam
1083 1029 1269 1058 incommodi
1291 1031 1405 1067 habui,
1430 1032 1479 1060 vel
1502 1041 1608 1068 passus
1630 1032 1671 1060 fui
1683 1042 1692 1068 ;

907 1074 959 1101 sed
975 1075 1077 1102 omnia
1091 1084 1209 1112 semper
1220 1085 1274 1113 pro
1286 1080 1356 1106 voto
1372 1079 1480 1115 recepi.
1498 1090 1510 1106 n
1524 1080 1611 1113 Quod
1624 1088 1693 1108 cum

907 1122 1028 1149 Sanctus
1039 1123 1168 1158 audivit,
1191 1124 1354 1160 discipulos
1376 1126 1510 1161 vocavit,
1525 1135 1619 1163 equos
1635 1127 1692 1155 cito

906 1170 1006 1205 parari
1030 1170 1108 1206 fecit,
1133 1171 1234 1207 eisque
1251 1172 1325 1200 dixit
1347 1183 1353 1201 ι
1380 1183 1392 1199 ι(
1410 1174 1588 1210 Fugiamus,
1612 1175 1690 1210 filii,

907 1217 976 1252 quia
993 1225 1054 1245 non
1070 1220 1112 1245 est
1127 1219 1201 1246 Deus
1217 1219 1247 1246 in
1263 1219 1331 1247 loco
1347 1221 1412 1255 isto,
1429 1229 1466 1249 ne
1482 1230 1536 1249 nos
1551 1223 1638 1250 ruina
1649 1223 1692 1250 in-

906 1264 1017 1292 volvat.
1034 1275 1047 1291 »
1072 1266 1205 1302 Cumque
1225 1266 1371 1303 fugerent,
1389 1276 1419 1295 sc
1440 1277 1511 1296 mox
1531 1270 1608 1297 terra
1623 1278 1693 1306 ape-

905 1312 973 1347 ruit,
989 1315 1015 1340 et
1030 1313 1116 1340 illum
1132 1322 1200 1341 cum
1211 1314 1271 1342 suis
1288 1315 1455 1350 deglutivit.

942 1360 1078 1388 Secunda
1092 1361 1259 1396 beatitudo,
1270 1370 1337 1398 quae
1352 1365 1394 1390 est
1408 1363 1438 1390 in
1452 1364 1523 1399 vita,
1539 1366 1582 1392 est
1595 1365 1693 1393 horni-

905 1414 978 1434 num
993 1407 1183 1442 vigilantium
1195 1408 1225 1436 in
1241 1409 1349 1437 divinis
1371 1411 1535 1446 mandatis,
1553 1414 1581 1440 et
1601 1413 1692 1441 absti-

905 1454 1038 1482 nentium
1054 1463 1071 1482 a
1085 1456 1183 1490 malis,
1199 1459 1226 1484 et
1240 1459 1484 1492 promoventium
1497 1468 1528 1487 se
1545 1460 1575 1488 in
1589 1460 1689 1489 bonis.

905 1501 987 1528 Unde
1003 1502 1093 1529 Lucas
1108 1503 1128 1520 ¹²
1145 1513 1151 1530 :
1172 1513 1185 1529 <t
1200 1505 1304 1532 Beatus
1320 1505 1370 1533 ille
1387 1514 1499 1540 servus,
1516 1516 1606 1543 quem
1622 1517 1691 1536 cum

905 1548 1017 1576 venerit
1039 1549 1178 1578 dominus
1201 1552 1281 1586 ejus,
1306 1552 1451 1581 invenerit
1471 1553 1655 1589 vigilantem.
1674 1566 1687 1581 »

905 1596 991 1630 Ergo,
1008 1597 1031 1623 si
1047 1596 1125 1624 beati
1142 1605 1203 1625 esse
1225 1598 1374 1634 volumus,
1394 1608 1513 1628 necesse
1535 1604 1577 1629 est
1599 1605 1630 1630 ut
1645 1603 1690 1630 vi-

905 1641 1042 1676 gilemus.
1061 1643 1117 1671 Sed
1133 1644 1163 1672 in
1179 1645 1308 1680 quihus?
1323 1647 1425 1683 Utique
1441 1647 1472 1675 in
1488 1647 1617 1684 duobus,
1633 1650 1689 1677 sci-

903 1688 971 1717 licet
986 1691 1017 1717 ut
1028 1698 1045 1718 a
1058 1690 1138 1719 malo
1152 1691 1276 1720 sollicite
1290 1693 1485 1730 declinemus,
1499 1698 1527 1723 et
1540 1696 1622 1725 bona
1633 1697 1690 1725 sol-
1723 1725 1726 1730 ,

902 1736 980 1765 licite
995 1737 1149 1765 faciamus.
1173 1740 1245 1766 Nam
1271 1741 1385 1768 malum
1408 1741 1565 1777 dimittere,
1582 1747 1608 1771 et
1633 1744 1689 1772 bo-

902 1792 974 1811 num
1000 1784 1113 1819 facere,
1134 1788 1201 1813 sunt
1222 1786 1288 1814 duae
1308 1790 1406 1823 partes
1428 1789 1561 1825 justitiae,
1578 1791 1689 1827 quibus

901 1832 1093 1866 pervenimus
1113 1833 1153 1860 ad
1174 1833 1391 1863 beatitudinem
1415 1845 1476 1864 non
1499 1837 1596 1865 solum
1616 1839 1686 1874 viae,

901 1879 954 1906 sed
967 1879 1078 1914 patrias.
1096 1880 1177 1908 Unde
1190 1881 1335 1917 Propheta
1352 1884 1444 1918 tangit
1458 1884 1520 1912 haec
1534 1885 1605 1920 duo,
1619 1895 1687 1914 cum

902 1926 972 1953 dicit
988 1927 1007 1944 ¹³
1024 1936 1030 1954 z
1052 1937 1064 1953 ι(
1084 1930 1187 1956 Beatus
1203 1929 1261 1963 vir,
1278 1930 1329 1966 qui
1349 1939 1410 1958 non
1430 1932 1503 1960 abiit
1517 1933 1547 1960 in
1562 1934 1686 1962 consilio

901 1973 1080 2009 impiorum:
1099 1986 1110 2000 ι)
1126 1984 1191 2003 ecce
1206 1977 1277 2005 mali
1293 1977 1436 2007 dimissio.
1447 1979 1466 1996 Μ
1482 1991 1493 2005 «
1508 1981 1564 2008 Sed
1580 1981 1609 2008 in
1620 1981 1686 2017 lege

901 2021 1017 2048 Domini
1032 2022 1087 2049 fuit
1107 2023 1244 2051 voluntas
1268 2025 1330 2060 ejus
1348 2035 1354 2053 ι
1374 2036 1386 2052 >>
1406 2035 1473 2055 ecce
1489 2027 1562 2055 boni
1578 2037 1685 2064 opera—

900 2067 951 2095 tio.
969 2070 1016 2096 Est
1030 2070 1214 2105 notandum,
1231 2072 1315 2107 quod
1340 2073 1395 2101 tria
1414 2075 1508 2102 verba
1523 2075 1553 2102 in
1578 2076 1686 2103 descri-

899 2116 1001 2151 ptione
1017 2117 1087 2144 mali
1102 2119 1197 2154 ponit,
1218 2119 1328 2148 scilicet
1350 2122 1430 2156 abiit,
1452 2124 1544 2158 stetit,
1561 2126 1589 2151 et
1603 2125 1683 2152 sedit.

900 2163 965 2190 Plus
978 2164 1058 2191 enim
1073 2167 1115 2192 est
1126 2168 1212 2200 stare,
1228 2175 1319 2202 quam
1335 2167 1433 2203 abire,
1450 2171 1477 2197 et
1486 2170 1553 2205 plus
1569 2171 1683 2207 sedere,

900 2218 992 2245 quain
1010 2213 1097 2239 stare.
1117 2213 1188 2239 Nam
1201 2214 1287 2245 abire,
1305 2216 1347 2241 est
1362 2215 1420 2242 cito
1436 2217 1560 2245 transire
1577 2228 1584 2244 :
1600 2222 1682 2254 stare,

900 2259 942 2284 est
964 2257 1096 2293 quadam
1117 2259 1273 2287 stabilitate
1294 2269 1415 2290 manere
1433 2271 1439 2290 :
1457 2263 1509 2291 sed
1524 2265 1625 2299 sedere,
1643 2269 1685 2294 est

899 2305 1028 2339 perfecte
1044 2305 1206 2341 quiescere.
1223 2308 1298 2342 Ergo
1310 2308 1439 2337 breviter
1454 2310 1552 2339 dicam
1565 2322 1571 2339 :
1584 2312 1682 2348 Abire,

900 2353 944 2378 est
972 2352 1058 2379 malis
1083 2353 1213 2380 consiliis
1246 2354 1285 2382 ad
1319 2356 1473 2384 modicum
1506 2359 1681 2387 consentire.

900 2399 992 2433 Stare,
1009 2401 1051 2426 est
1065 2399 1152 2426 malis
1167 2401 1308 2436 operibus
1326 2410 1450 2438 operam
1466 2405 1548 2433 dare.
1569 2407 1625 2434 Sed
1639 2415 1683 2434 se-

900 2445 981 2480 dere,
997 2449 1038 2473 est
1060 2448 1214 2482 peccatum
1238 2448 1268 2475 in
1293 2451 1538 2479 consuetudinem
1563 2453 1682 2489 ducere,

900 2492 947 2519 vel
962 2493 1087 2520 trahere.
1105 2493 1201 2522 Primo
1223 2503 1293 2530 ergo
1310 2498 1474 2525 consentire
1495 2501 1536 2526 est
1550 2500 1680 2537 malum;

900 2539 1043 2574 secundo,
1061 2539 1172 2568 scilicet
1187 2549 1311 2577 operam
1327 2543 1398 2572 dare
1421 2545 1502 2573 malo
1522 2547 1565 2574 est
1585 2548 1682 2583 majus

900 2617 1007 2641 Paulino
1021 2620 1046 2641 et
1061 2619 1164 2648 Baron.,
1179 2620 1203 2642 et
1216 2619 1331 2651 Cataloq.
1344 2621 1440 2650 Sauct.‚
1456 2622 1499 2646 lib.
1518 2624 1535 2652 Ι,
1549 2630 1572 2647 e.
1586 2631 1679 2655 xxxvi,

899 2653 1002 2682 Marut.,
1019 2660 1041 2677 c.
1063 2660 1102 2677 ιιι.
1119 2666 1148 2671 -
1164 2654 1184 2670 ¹2
1200 2655 1268 2684 Luc„
1284 2662 1336 2686 ΧΠ,
1355 2658 1393 2680 31.
1408 2670 1438 2674 -
1454 2658 1474 2674 ¹³
1489 2659 1559 2683 Psal.
1576 2666 1595 2691 1,
1612 2662 1634 2684 1.
1653 2674 1682 2678 —

900 2689 918 2704 ¹⁴
936 2689 1010 2716 thid,
1029 2691 1052 2712 2.

932 2735 964 2764 (a)
983 2736 1043 2757 coet.
1062 2734 1121 2758 edit.
1143 2742 1165 2759 a.
1185 2748 1210 2751 —
1230 2735 1262 2766 (b)
1281 2736 1339 2759 Item
1360 2737 1417 2767 ipsi.
1432 2751 1462 2755 —
1479 2739 1508 2769 (c)
1526 2741 1586 2764 Item
1602 2741 1681 2766 bono.
