2029 3052
23 575 108 600 Paupe-

0 611 36 628 τες
51 605 106 626 vuli-

13 636 45 664 di,
55 636 94 663 qui

0 668 28 689 ad
41 667 106 695 spiri-

20 699 90 720 tuella

0 735 46 752 non
57 730 108 751 sunt

14 761 96 788 idonei,

12 792 41 814 ad
48 798 96 813 mu-

17 823 93 844 nualia

0 855 104 876 tenentur

585 224 741 257 CONTRA
763 224 1000 257 MAGISTRUM
1022 225 1268 259 GUILELMUM.

119 305 177 329 1166
192 294 340 336 angelus,
353 303 412 326 nec
422 293 531 334 pastor
545 292 705 332 Ecclesiae,
717 293 770 325 vel
781 295 896 332 rector,

119 349 202 382 sicut
214 348 396 390 Apostolus,
414 346 565 387 astringit
574 346 613 379 ad
624 346 811 387 hujusmodi
826 356 899 388 ope-

120 414 166 443 ra,
181 404 243 435 nisi
258 403 435 436 secundum
450 401 534 444 quod
549 401 653 441 exigit
669 401 765 440 salus,
788 410 899 433 neces-

121 458 197 489 sitas
215 459 246 489 et
268 457 388 489 utilitas
414 456 515 497 ipsius
539 455 755 487 ecclesiasticae
777 455 900 487 hierar-

121 512 215 550 chiae,
232 512 325 552 qu'us
341 510 426 542 servi
441 509 555 542 Christi
570 511 645 542 sunt
659 509 816 541 membra.

162 565 320 604 Quoniam
333 574 413 605 ergo
431 565 513 608 inter
534 563 681 596 membra
696 563 811 595 Christi
828 565 902 595 sunt

120 620 270 661 quaedam
285 619 426 650 maxime
440 618 553 650 idonea
567 618 608 650 ad
622 618 825 658 operationes
837 627 902 649 cor-

120 673 257 714 porales,
274 675 305 705 et
320 673 453 704 minime
471 672 511 704 ad
527 672 709 713 spirituales
720 697 728 712 ,
753 673 903 714 quaedam

122 737 138 758 e
152 727 311 760 contrario
327 726 423 758 modo
433 737 441 764 ;
458 725 533 757 hinc
555 727 618 765 est,
635 726 720 767 quod
743 726 807 757 illis
821 736 901 767 pau-

123 782 252 823 peribus
286 780 418 819 validis,
449 779 505 820 qui
528 780 569 811 ad
597 789 694 820 opera
726 781 903 821 corporalia

122 834 262 867 maxime
275 835 350 866 sunt
366 833 485 873 idonei,
502 834 533 864 et
547 833 681 864 minime
696 833 735 864 ad
752 834 904 874 spiritua-

120 889 181 929 lia,
202 888 259 929 qui
278 888 508 920 convenienter
526 886 617 918 aliter
632 887 780 919 nesciunt
801 888 904 920 vitare

121 943 235 981 otium,
254 943 286 973 et
307 950 389 983 opus
410 941 512 972 facere
533 940 621 973 victu
646 941 804 981 dignum,
825 942 905 974 tales

122 997 162 1029 ad
177 1005 274 1037 opera
294 995 460 1027 manualia
482 995 718 1035 astringuntur,
741 997 772 1027 et
792 996 837 1027 eis
858 997 906 1027 est

123 1050 273 1083 manuale
287 1050 322 1081 in
339 1050 510 1090 praecepto.
535 1048 591 1080 His
611 1050 720 1080 autem
736 1049 792 1090 qui
809 1049 906 1081 simul

123 1104 344 1146 spiritualibus
360 1103 556 1134 sufficienter
570 1105 706 1144 possunt
724 1103 903 1144 intendere,

123 1161 155 1192 et
168 1159 278 1191 labore
293 1167 452 1189 manuum
467 1157 589 1190 victum
603 1158 786 1199 acquirere,
805 1159 856 1190 vel
872 1159 906 1190 in

123 1215 201 1252 toto,
216 1212 268 1245 vel
281 1212 315 1243 in
330 1220 449 1251 magna
463 1213 564 1252 parte,
581 1212 685 1253 qualis
706 1212 768 1243 fuit
781 1215 906 1253 aposto-

123 1267 174 1299 lus
184 1266 317 1305 Paulus,
328 1267 374 1297 est
383 1274 465 1306 opus
478 1266 627 1297 manuale
640 1266 673 1296 in
688 1266 832 1298 consilio.
850 1267 906 1298 His

124 1322 233 1353 autem
248 1320 304 1361 qui
320 1319 462 1351 maxime
477 1321 551 1351 sunt
564 1319 668 1351 idonei
679 1320 718 1351 ad
728 1320 907 1360 spiritualia

124 1384 221 1416 opera
232 1374 395 1415 praedicta,
405 1373 457 1404 vel
468 1373 564 1405 etiam
577 1373 616 1404 ad
633 1373 747 1413 civilia,
766 1375 797 1405 et
813 1374 906 1405 mini·

125 1438 178 1460 me
191 1428 231 1459 ad
243 1428 313 1459 baec
324 1427 496 1466 manualia,
506 1427 691 1467 huiusmodi
701 1436 797 1468 opera
805 1427 907 1459 lucra-

125 1483 192 1515 tiva
205 1483 236 1514 et
251 1481 428 1513 artificialia
442 1490 508 1512 non
524 1482 599 1512 sunt
615 1481 649 1512 111
664 1483 835 1522 praecepto,
847 1491 906 1513 nec

125 1536 223 1568 etiam
237 1536 271 1567 in
285 1535 432 1574 consilio,
448 1535 524 1575 quia
548 1534 683 1566 stultum
703 1537 804 1575 esset,
821 1537 907 1576 quod

125 1600 183 1632 pro
203 1599 239 1622 re
261 1589 395 1621 modicae
416 1589 561 1620 utilitatis
587 1598 759 1620 commune
784 1590 907 1621 bonum.

126 1653 283 1685 magnum
304 1644 482 1674 incurreret
503 1642 749 1682 detrimentum,
775 1653 833 1674 1166
848 1643 908 1675 1106

126 1699 283 1731 ordinavit
300 1698 399 1736 Dans,
414 1707 474 1729 nec
488 1698 558 1738 ejus
572 1697 760 1737 Apostolus,
779 1698 860 1728 sicut
874 1698 909 1734 111

126 1753 333 1794 sequentibus
351 1752 515 1784 evidenter
537 1751 725 1783 ostenditur.
745 1751 834 1789 Quod
850 1761 907 1783 au-

126 1810 191 1838 tem
215 1807 253 1838 de
279 1806 466 1846 hujusmodi
495 1805 646 1846 operibus
669 1807 700 1836 et
722 1805 909 1837 hominibus

128 1861 336 1893 diversificari
359 1860 473 1891 debeat
489 1859 648 1899 Judicium
664 1859 842 1890 secundum
859 1859 907 1890 di-

128 1915 312 1948 versitatem
331 1914 509 1953 donorum,
525 1913 720 1951 officiorum,
738 1915 770 1944 et
788 1913 907 1952 gratia-

129 1979 203 2001 rum
211 1969 273 2000 sibi
282 1968 436 2010 divinitus
445 1967 643 2005 collatarum,
652 1967 789 1998 ostendit
802 1967 910 1998 Glossa

128 2033 223 2064 super
238 2023 317 2055 illud
333 2022 573 2054 Deuteronomii
587 2022 595 2038 ¹
614 2032 621 2052 ε
639 2021 830 2054 Benedictus
844 2023 911 2061 fru-

129 2081 197 2110 ctus
212 2078 333 2110 ventris
347 2077 409 2114 tui,
422 2078 450 2108 et
459 2076 587 2115 fructus
603 2077 695 2107 lerrae
707 2078 783 2114 tuoe,
802 2078 831 2107 et
842 2076 911 2115 fru-

130 2135 198 2163 ctus
212 2132 432 2171 jumentorum
453 2133 591 2169 tuorum,
612 2130 656 2161 ita
674 2130 781 2161 diceus
800 2141 807 2161 :
828 2142 842 2160 «
858 2130 911 2161 Di-

130 2194 240 2218 versos
261 2185 389 2216 ordines
414 2186 504 2216 notat
519 2184 742 2216 subditorum:
759 2184 812 2215 alii
824 2184 911 2215 enim

131 2239 314 2271 doctoribus
337 2239 513 2279 corporalia
539 2239 683 2279 praebent
701 2239 908 2279 adjumenta;

132 2293 186 2324 alii
200 2293 347 2324 laborare
366 2294 500 2333 possunt
510 2316 520 2331 ,
536 2293 621 2333 quod
643 2292 704 2323 sibi
716 2292 812 2323 fuerit
828 2301 909 2333 pree-

132 2348 280 2387 eeptum3
299 2346 352 2377 alii
366 2370 375 2385 ,
393 2346 593 2386 simplicitate
612 2346 767 2385 contenti,
785 2356 842 2387 per
861 2347 910 2378 in-

132 2401 312 2432 nocentiam
322 2400 398 2433 vitae
409 2401 536 2431 student
544 2400 607 2431 Deo
613 2400 747 2440 placere.
759 2411 772 2430 >›
811 2402 913 2433 Unus-

133 2455 266 2495 quisque
300 2455 468 2495 proprium
504 2453 624 2486 donum
652 2454 743 2487 habet
767 2462 808 2486 ex
833 2455 909 2486 Deo.

134 2508 377 2540 Concedendum
401 2509 449 2539 est
468 2507 581 2547 igitur,
604 2508 690 2548 quod
713 2517 779 2539 non
801 2518 912 2540 omnes

135 2562 231 2593 validi
246 2571 415 2603 pauperes,
431 2562 528 2593 etiam
545 2571 611 2593 non
619 2562 731 2600 curati,
746 2562 786 2593 ad
800 2563 913 2602 hujus-

136 2615 222 2647 modi
237 2624 334 2656 opera
346 2616 508 2647 manualia
522 2617 596 2647 sunt
612 2615 740 2654 astricti,
757 2618 788 2647 et
804 2625 913 2647 601166-

168 2697 175 2712 1
193 2696 276 2755 Dezgt„
297 2702 393 2728 xxvm,
416 2699 438 2721 4.
460 2710 488 2714 -
510 2698 520 2714 ἰ
540 2698 546 2721 Ι
566 2697 634 2727 Cor.y
655 2702 704 2728 vu,
726 2698 748 2721 7.
770 2710 800 2714 —
820 2697 830 2713 ³
845 2697 913 2722 Psal.

137 2737 220 2762 111111,
254 2751 259 2756 .

1677 228 1737 259 405

955 293 1068 326 dendae
1079 296 1154 326 sunt
1167 294 1370 327 auctoritates
1386 296 1417 326 et
1431 294 1571 326 rationes
1585 293 1647 325 1106
1661 303 1737 335 pro-

955 347 1081 387 bantes,
1099 349 1159 380 hoc
1177 349 1389 381 ostendentes.

995 402 1044 433 Ad
1065 402 1143 434 illud
1164 403 1249 443 quod
1270 403 1375 444 primo
1390 401 1541 442 objicitur
1558 401 1592 434 in
1608 403 1734 434 contra—

956 456 1043 487 rium
1066 456 1105 488 de
1124 456 1320 497 obligatIOne
1342 456 1425 497 legis
1454 457 1597 495 naturae,
1628 456 1736 488 dicen-

956 509 1046 548 dum,
1066 510 1152 550 quod
1166 511 1280 542 natura
1292 511 1404 542 adhoc
1420 519 1486 541 non
1500 510 1660 550 astringit,
1674 510 1737 541 nisi

957 565 1080 596 ratione
1094 564 1227 605 periculi
1243 565 1377 596 vitandi.
1395 563 1476 595 Nam
1495 564 1519 595 si
1535 573 1575 596 ex
1596 564 1670 605 lege
1684 574 1739 596 na-

957 620 1041 650 turae
1056 618 1127 649 haec
1146 619 1291 649 maneret
1311 617 1482 657 obligatio,
1505 618 1611 649 cuncti
1636 621 1741 650 essent

958 671 1183 704 universaliter
1206 673 1237 703 et
1265 671 1431 712 aequaliter
1456 671 1590 711 obligati
1614 683 1621 703 :
1654 672 1740 713 quod

960 725 1227 757 absurdissimum
1242 727 1300 757 est.
1319 725 1392 756 [deo
1414 725 1441 756 si
1455 724 1573 765 aliquis
1588 734 1608 756 a
1623 727 1741 757 natura

960 780 1165 820 astringitur,
1181 780 1242 812 1106
1259 789 1326 811 11011
1342 782 1401 819 est,
1416 779 1478 810 nisi
1493 781 1623 820 propter
1636 780 1742 812 vitan-

960 834 1039 866 dum
1058 834 1257 874 periculum;
1273 835 1304 865 et
1317 834 1378 865 1106
1396 835 1499 874 potest
1514 842 1583 865 esse
1594 833 1712 874 triplex
1731 844 1738 865 ε

962 890 1019 920 aut
1029 888 1106 929 quia
1119 898 1184 920 non
1196 889 1299 929 potest
1311 889 1472 920 fructuose
1487 888 1555 919 sine
1567 888 1678 920 labore
1691 888 1743 920 vi-

960 952 1056 982 vere;
1073 945 1128 974 aut
1152 944 1228 984 quia
1251 952 1317 974 non
1332 944 1434 983 potest
1454 943 1587 974 honeste
1612 942 1742 981 vivere;

961 999 1016 1029 aut
1029 997 1105 1038 quia
1114 1006 1180 1028 non
1189 998 1292 1038 potest
1305 997 1427 1029 vivere.
1444 996 1480 1027 In
1494 997 1599 1037 primo
1614 996 1744 1037 pericli-

961 1053 1048 1083 tatur
1056 1051 1170 1083 entitas
1182 1062 1189 1090 ;
1201 1051 1235 1082 in
1244 1051 1393 1090 secundo,
1405 1050 1556 1082 honestas
1567 1062 1574 1089 3
1593 1050 1627 1081 in
1637 1050 1742 1088 tertio,

961 1106 1094 1137 utilitas.
1106 1107 1157 1137 Est
1166 1107 1274 1137 autem
1284 1104 1472 1136 naturaliter
1481 1105 1620 1136 insertus
1637 1104 1743 1135 homi-

962 1161 996 1191 ni
1011 1169 1101 1191 amor
1122 1160 1172 1191 sui
1186 1168 1252 1191 esse
1268 1159 1428 1198 continui,
1446 1168 1538 1190 amor
1559 1159 1696 1197 bonesti,
1713 1159 1744 1189 et

962 1223 1054 1245 amor
1081 1213 1241 1245 commodi
1266 1223 1273 1244 :
1299 1214 1331 1244 et
1356 1221 1412 1253 per
1433 1212 1495 1243 boc
1522 1212 1595 1252 lege
1618 1213 1744 1243 naturae

962 1267 1154 1307 astringitur
1177 1267 1275 1298 homo
1298 1266 1338 1298 ad
1360 1266 1529 1298 vitandum
1552 1266 1612 1297 1106
1627 1266 1746 1306 triplex

962 1321 1152 1362 periculum.
1180 1320 1230 1352 Sic
1252 1329 1331 1360 ergo
1354 1320 1546 1360 astringitur
1570 1320 1746 1351 necessario

963 1377 1002 1407 ad
1022 1375 1214 1407 manualiter
1244 1374 1443 1415 operandum
1469 1383 1591 1415 pauper
1607 1374 1744 1413 validus,

963 1431 989 1462 si
1003 1431 1037 1461 in
1052 1430 1107 1461 tali
1130 1429 1266 1461 articulo
1287 1428 1480 1460 constitutus
1499 1430 1556 1467 est,
1578 1429 1666 1469 quod
1680 1438 1744 1459 non

963 1486 1066 1526 potest
1081 1484 1173 1514 aliter
1196 1483 1321 1521 vivere,
1337 1482 1389 1514 vel
1404 1491 1471 1513 non
1486 1484 1588 1522 potest
1602 1482 1744 1522 honeste,

964 1539 1031 1570 sive
1044 1539 1143 1578 juste,
1160 1537 1213 1568 vel
1227 1546 1293 1568 non
1308 1537 1411 1577 potest
1433 1535 1524 1567 aliter
1547 1536 1657 1567 vivere
1678 1537 1748 1567 fru-

964 1596 1084 1625 ctuose.
1102 1592 1135 1624 Si
1148 1594 1256 1623 autem
1271 1593 1374 1632 potest
1388 1591 1478 1622 aliter
1488 1590 1550 1622 1106
1563 1590 1747 1631 periculum

964 1648 1067 1680 vitare
1091 1655 1184 1687 aeque
1206 1645 1258 1677 vel
1277 1645 1380 1685 magis
1394 1644 1530 1683 utiliter,
1549 1644 1686 1685 astringi
1708 1645 1748 1676 ad

964 1703 1025 1734 hoc
1046 1711 1112 1732 non
1134 1700 1231 1731 babet
1250 1699 1379 1739 exlege
1397 1699 1533 1730 naturae.
1556 1697 1646 1735 Quod
1668 1708 1748 1738 ergo

964 1756 1131 1796 objicitur,
1150 1754 1235 1794 quod
1255 1753 1354 1784 homo
1375 1762 1415 1784 ex
1434 1752 1539 1792 prima
1559 1761 1617 1783 sua
1635 1752 1746 1783 condi-

965 1810 1050 1841 tione
1072 1808 1239 1840 ordinatus
1263 1809 1309 1838 est
1334 1806 1374 1837 ad
1391 1807 1484 1837 istam
1507 1805 1725 1846 operationem
1738 1818 1746 1845 ;

966 1863 1137 1895 dicendum
1150 1886 1159 1900 ,
1188 1860 1274 1901 quod
1301 1859 1412 1891 nullus
1440 1860 1538 1890 homo
1567 1859 1660 1890 dehet
1683 1869 1750 1891 esse

966 1918 1034 1949 sine
1050 1916 1158 1947 labore
1172 1915 1206 1946 in
1221 1915 1282 1945 hac
1295 1914 1372 1953 vita,
1388 1923 1428 1944 ne
1439 1913 1521 1944 forte
1531 1913 1568 1944 dc
1579 1922 1615 1944 eo
1629 1913 1752 1944 dicatur

967 1971 1053 2012 quod
1075 1970 1113 2001 de
1144 1968 1290 2009 reprobis
1321 1967 1438 1999 dicitur
1461 1968 1495 1998 in
1520 1967 1646 1999 Psalmo
1661 1969 1671 1985 ³
1686 1977 1694 1999 :
1712 1969 1752 1999 In

969 2025 1074 2057 labore
1092 2023 1257 2055 hominum
1273 2029 1338 2053 non
1358 2024 1445 2053 sunt.
1467 2021 1528 2052 Sed
1549 2030 1590 2052 ex
1607 2022 1667 2052 hoe
1687 2031 1752 2053 non

971 2078 1127 2119 sequitur,
1145 2076 1230 2117 quod
1246 2077 1389 2116 oporteat
1403 2076 1552 2115 occupari
1568 2075 1652 2106 circa
1668 2075 1753 2107 labo-

971 2142 1040 2164 rem
1056 2139 1227 2169 manuum,
1245 2131 1277 2160 et
1292 2129 1433 2160 maxime
1447 2129 1654 2161 lucrativum.

1009 2186 1049 2217 Et
1064 2195 1121 2226 per
1141 2185 1202 2215 1106
1222 2185 1306 2224 patet
1324 2183 1490 2223 responsio
1504 2183 1543 2214 ad
1559 2192 1697 2224 sequens
1713 2185 1752 2215 ab

971 2240 1118 2280 exemplo
1135 2238 1215 2270 Adae
1229 2248 1236 2275 ;
1254 2237 1331 2277 quia
1345 2239 1491 2268 constans
1506 2239 1563 2276 est,
1581 2238 1666 2278 quod
1687 2248 1753 2269 11011

970 2303 1081 2326 01111165
1105 2292 1293 2331 obligantur
1316 2290 1356 2321 ad
1370 2299 1450 2330 opus
1466 2291 1688 2330 agriculturae.
1705 2293 1754 2323 Ad

970 2348 1049 2379 illud
1064 2346 1150 2387 quod
1160 2344 1275 2376 dicitur
1288 2344 1346 2375 :1⁷2
1360 2344 1476 2376 sudore
1489 2344 1595 2377 vulcus
1609 2346 1670 2384 tui,
1680 2347 1751 2383 etc„

969 2404 1047 2434 tunc
1060 2410 1126 2431 non
1141 2399 1262 2430 dictum
1278 2397 1372 2429 estin
1387 2399 1686 2439 praeceptumjuriS,
1699 2399 1754 2430 sed

970 2458 1003 2488 111
1020 2463 1150 2496 poenam
1166 2452 1270 2493 culpae
1285 2454 1487 2493 perpetratae,
1504 2453 1585 2484 sicut
1599 2455 1685 2493 patet
1699 2462 1754 2493 per

970 2512 1095 2542 textum
1113 2509 1311 2548 sequentem.

1012 2564 1060 2595 Ad
1074 2562 1152 2593 illud
1174 2561 1259 2602 quod
1274 2560 1442 2601 objicitur,
1459 2561 1543 2600 quod
1559 2561 1627 2592 sine
1642 2561 1754 2602 hujus-

972 2617 1059 2649 modi
1084 2624 1180 2656 opere
1212 2624 1278 2645 non
1307 2615 1408 2654 potest
1437 2623 1541 2654 genus
1572 2616 1754 2648 humanum

973 2670 1163 2707 sustentari3
1181 2668 1351 2700 dicendum
1367 2668 1453 2707 quod
1468 2668 1585 2708 duplex
1601 2672 1649 2700 est
1664 2680 1756 2701 man-

975 2726 1084 2758 datum
1096 2749 1103 2763 ,
1122 2733 1225 2755 unum
1256 2722 1433 2759 individui,
1451 2722 1538 2754 aliud
1556 2724 1641 2764 quod
1657 2725 1756 2765 respi-

1773 411 1804 432 Ad
1818 414 1835 433 Ι.

1769 581 1817 605 Non
1830 587 1862 602 ns-

1754 613 1859 639 tringitur

1755 644 1821 665 homo
1836 651 1863 666 ex

1755 678 1805 704 lvge
1822 685 1862 699 na-

1755 711 1809 730 turae
1835 710 1863 730 ad

1755 748 1810 768 opus
1818 747 1863 763 ma-

1756 773 1830 794 uua'e.

1780 2562 1812 2582 Ad
1823 2564 1864 2583 111.
