2029 3052
663 192 766 226 LAUS
788 191 933 225 BEATAE
955 191 1130 226 VlRGlNlS
1155 193 1307 226 MARIAE.
1742 194 1800 224 187

1140 262 1322 299 Ingreditur,
1342 261 1377 299 (a)
1394 262 1543 299 egreditur
1551 285 1560 299 ,

1140 311 1259 339 Semota
1279 309 1438 346 violentia,

1141 358 1194 385 Per
1212 365 1366 393 egressum
1384 365 1446 386 non
1460 357 1618 394 frangitur.

299 261 456 298 Refugium
470 261 511 290 tui
528 260 636 298 gregis.

299 309 423 338 Summa
436 316 546 345 sponsa
567 308 676 337 summi
690 308 778 345 Regis
788 330 797 344 ‚

298 357 393 393 Caput
406 355 533 385 conteris
545 355 654 385 zabuli.

299 405 340 432 Tu
355 411 385 432 es
399 411 487 432 verus
501 403 579 431 liber
592 403 685 439 legis,

299 452 340 479 Tu
354 457 423 479 arca
435 449 632 479 tabernaculi.

334 497 401 526 Flos
415 497 563 533 vernalis,
578 497 634 526 flos
647 497 720 533 lilii,

300 544 364 573 Flos
377 544 504 579 florum,
519 544 611 573 decus
625 545 777 581 virginum

299 592 407 620 Diceris
416 613 426 626 ,
441 594 469 620 et
483 592 586 621 auxilii

299 640 375 668 Fons
389 639 512 676 plenus,
527 640 625 668 custos
641 639 799 668 hominum
812 649 818 668 ε

298 686 387 722 Cujus
401 686 518 715 attraxit
532 687 710 722 Dominum,

298 735 331 762 Et
344 733 492 770 Angelum
507 733 639 769 consilii,

300 780 396 808 Dulcis
410 780 502 816 odor,
518 783 550 809 ut
564 781 728 810 terminum

299 828 391 858 Nobis
405 829 490 858 daret
502 830 595 861 exilii.

1177 404 1333 440 Virginitas
1346 406 1389 433 est
1399 405 1494 441 J'anua
1502 426 1512 440 ‚

1143 453 1208 485 Qua
1228 451 1309 479 coelis
1333 451 1450 488 fulgens
1470 452 1574 487 altius,

1141 498 1213 526 Coeli
1226 506 1288 526 non
1302 498 1442 535 linquens
1456 499 1552 528 ardua
1563 520 1573 534 ,

1141 545 1259 574 Messias
1279 546 1328 573 Dei
1350 546 1458 582 Filius,

1141 593 1309 629 Conceptus
1325 595 1381 628 est,
1400 594 1528 622 exterius

1142 641 1236 668 Carne
1250 641 1342 668 tectus
1358 640 1466 677 exigua
1475 663 1484 676 ‚

1142 688 1256 723 Corpus
1273 695 1394 715 sumens
1409 688 1567 724 perfectius

1142 735 1183 763 Ex
1198 736 1243 770 te,
1259 734 1347 771 Virgo
1361 735 1523 771 praecipua.

1179 782 1258 810 Sicut
1273 782 1356 810 sidus
1368 782 1514 819 perluitur

1142 830 1241 859 Infuso
1258 830 1329 859 solis
1342 830 1469 866 lumine,

1142 879 1175 906 Et
1189 885 1226 906 eo
1240 877 1293 905 lux
1309 877 1450 906 emittitur

1143 925 1210 954 Sine
1225 925 1331 953 sideris
1345 925 1491 961 fragmine
1510 934 1517 953 :

1143 971 1189 1000 Sic
1201 972 1264 1000 sine
1279 972 1376 1000 carnis
1391 972 1514 1001 crimine

1144 1019 1274 1048 Christus
1289 1019 1320 1047 in
1333 1020 1362 1047 te
1377 1019 1554 1056 concipitur,

1142 1068 1184 1095 Ex
1199 1068 1226 1095 te
1241 1067 1380 1095 manente
1396 1066 1512 1103 virgine

1143 1115 1237 1150 Supra
1251 1115 1390 1143 naturam
1405 1114 1508 1142 oritur.

173 929 241 957 XVI.
266 929 400 964 Figuram
424 929 481 962 fait
508 936 556 964 per
585 929 741 961 columbam,
772 936 831 964 quoe
862 928 960 956 attulit

209 979 317 999 ramum
349 971 427 999 olivoe
456 971 512 1000 Noe
529 993 537 1006 ,
569 974 594 999 ct
623 972 691 1006 filiis
722 973 780 999 suis
809 972 840 999 in
866 979 959 999 arcam

211 1015 304 1050 (Gen.,
320 1014 394 1050 vm).

175 1102 252 1130 XVII.
282 1102 317 1129 Et
347 1109 396 1137 per
431 1102 585 1137 perticam,
616 1109 676 1137 quae
708 1102 775 1129 tulit
811 1103 960 1137 serpentem

319 1151 420 1172 oeneum
434 1145 464 1171 in
491 1144 594 1172 deserto
621 1145 730 1180 (Num.‚
746 1144 815 1180 xx1).

337 1208 464 1235 Ramum
483 1206 580 1235 ferens
600 1207 779 1244 virentibus,

301 1256 355 1283 Ore
371 1254 518 1283 Columba
532 1255 668 1291 proprio,
804 1248 806 1250 ’

303 1301 393 1330 Foliis
407 1301 621 1330 fluctuantibus
633 1323 643 1337 ,

301 1349 435 1377 Generali
454 1348 585 1384 diluvio,

302 1397 382 1430 Quos
396 1396 530 1424 turbarat
544 1397 667 1426 undatio
676 1420 686 1432 ,

302 1445 377 1479 Noe,
393 1443 485 1478 natis,
501 1444 692 1480 conjugibus,

303 1490 418 1518 Refovit
432 1498 483 1519 eos
498 1491 610 1526 gaudio

303 1537 409 1566 Salutis
427 1537 592 1566 intuitihus.

338 1586 400 1614 Una
414 1586 586 1621 Serpentem
602 1586 714 1622 pertica

304 1635 421 1662 Deserto
436 1634 502 1662 tulit
517 1642 633 1663 aeneum
642 1656 652 1670 ,

304 1682 337 1709 Ut
352 1681 376 1709 si
391 1681 470 1709 intus
484 1681 529 1709 vis
545 1681 644 1710 toxica

302 1730 490 1765 Quemquam
504 1728 619 1758 laeserat
633 1730 805 1766 Hebraeum,

304 1776 463 1804 Sanaretur
478 1776 583 1804 videns
597 1785 683 1812 eum,

303 1824 364 1859 Ope
383 1823 433 1851 Dei
453 1823 589 1858 mirifica,

305 1869 491 1906 propellente
507 1870 662 1906 vipereum

304 1917 388 1945 Virus
401 1917 507 1945 virtute
524 1918 657 1954 mystica.

286 1989 289 1992 ,
341 1965 488 1994 Columba
504 1967 535 1993 tu
551 1965 715 2002 simplicior

304 2012 400 2047 Omni,
417 2012 506 2041 tutrix
520 2013 696 2050 humilium,

304 2060 387 2088 Salus
400 2060 559 2088 hominum
574 2061 674 2096 tutior,

306 2107 415 2135 Mundo
431 2107 521 2136 tulisti
544 2108 689 2144 gaudium
703 2131 711 2145 ‚

305 2154 397 2183 Enixa
411 2154 461 2182 Dei
476 2154 583 2183 Filium
592 2178 600 2190 ,

307 2201 393 2229 Omni
409 2209 524 2230 veneno
539 2202 660 2238 fortior,

306 2248 450 2276 Medicina
470 2250 674 2285 peccantium,

307 2295 397 2331 SIgno
412 2296 557 2332 Serpentis
572 2299 751 2334 promptior.

182 2379 269 2407 XVIII.
299 2380 431 2414 Figuram
459 2381 516 2413 fuit
540 2389 590 2416 per
616 2384 725 2417 portam
751 2385 872 2412 clausam

266 2430 347 2457 quam
365 2424 407 2449 vir
429 2431 481 2450 non
502 2426 633 2452 transivit
648 2425 773 2461 (Ezech.,
790 2427 877 2460 xuv).

342 2489 383 2515 Tu
399 2495 430 2515 es
447 2489 549 2523 Porta,
566 2497 633 2524 quae
648 2489 811 2525 clauditur,

307 2535 473 2571 Apertionis
488 2535 604 2571 nescia,

309 2584 348 2610 De
362 2590 423 2619 qua
436 2583 583 2619 Propheta
598 2583 730 2619 loquitur
739 2606 746 2618 ‚

308 2630 466 2658 Hominum
485 2630 558 2658 nulli
574 2631 695 2666 pervia.

308 2677 370 2712 Qua
385 2678 435 2705 Dei
451 2678 600 2714 Sapientia

879 2405 888 2419 ,
917 2393 965 2421 per

1017 1200 1082 1228 XIX.
1112 1200 1247 1235 Fiyurata
1273 1200 1330 1231 fuit
1354 1206 1402 1234 per
1426 1199 1585 1234 mulierem,
1621 1207 1702 1235 quam
1730 1199 1803 1227 vidit

1236 1242 1351 1269 Joannes
1378 1242 1492 1277 (Apoc.‚
1507 1241 1573 1278 ΧΗ).

1179 1305 1256 1334 Vidit
1270 1307 1398 1334 loannes
1412 1306 1573 1342 mysticum

1143 1353 1267 1389 Signum
1280 1353 1438 1389 quoddam
1453 1353 1591 1382 mirabile
1601 1375 1610 1388 ‚

1142 1400 1230 1434 Quod
1245 1400 1275 1428 in
1291 1400 1364 1428 coelo
1378 1401 1588 1437 propheticum

1144 1448 1287 1486 Apparuit
1301 1448 1444 1476 notabile.

1143 1498 1303 1532 Nunquam
1317 1495 1414 1524 fuerat
1429 1495 1525 1524 simile

1143 1543 1297 1580 Prophetis
1312 1543 1534 1581 aenigmaticum

1144 1591 1266 1626 Signum
1282 1591 1402 1625 datum,
1420 1591 1505 1627 quod
1517 1590 1606 1625 utile,

1145 1637 1316 1666 Praecedens
1331 1639 1364 1665 ut
1382 1637 1551 1666 mirificum.

1180 1686 1248 1714 Erat
1262 1686 1365 1721 patens
1381 1685 1551 1713 coelestibus

1143 1732 1257 1761 Amicta
1271 1732 1345 1761 Solis
1360 1732 1473 1760 lumine

1145 1780 1261 1815 Mulier,
1278 1781 1390 1808 Lunam
1406 1779 1534 1816 pedibus

1146 1828 1323 1864 Supponens
1335 1849 1343 1863 ,
1361 1828 1444 1863 qu'us
1460 1827 1590 1855 culmine

1145 1874 1253 1911 Capitis
1268 1882 1321 1902 ceu
1338 1875 1373 1910 (b)
1391 1882 1446 1910 pro
1462 1874 1605 1910 tegmine,

1145 1921 1305 1950 Duodecim
1319 1921 1468 1949 sideribus

1145 1970 1261 1997 Sertum
1275 1968 1410 2004 fulgebat
1422 1969 1545 1997 numine

1145 2017 1209 2045 Suis
1224 2016 1320 2052 plenis
1334 2016 1507 2044 vtsceribus.

1181 2063 1257 2091 Nihil
1273 2065 1300 2091 te
1314 2063 1410 2099 magis
1424 2063 1546 2100 proprie

1145 2113 1198 2139 Per
1212 2111 1298 2139 istam
1312 2110 1484 2146 intelligitur

1145 2158 1295 2187 Mulierem
1305 2180 1314 2191 ,
1331 2166 1397 2194 quce
1412 2158 1486 2185 serie

1146 2205 1298 2242 Prophetae
1312 2205 1400 2233 nobis
1414 2204 1567 2240 panditur.

1146 2255 1176 2281 In
1192 2254 1219 2281 te
1234 2260 1365 2289 namque
1382 2252 1548 2288 concipitur
1559 2273 1568 2287 ‚

1145 2302 1177 2328 Et
1198 2300 1292 2328 oritur
1310 2299 1428 2335 justitiae

1146 2349 1238 2376 Verus
1252 2346 1318 2381 Sol,
1334 2347 1415 2374 unde
1431 2346 1525 2374 oritur

1146 2396 1283 2430 Regnum
1299 2393 1422 2421 eoelestis
1438 2394 1536 2422 euriae.

1181 2442 1248 2470 Tuis
1262 2443 1344 2470 Luna
1358 2441 1536 2477 supponitur

1147 2488 1294 2523 Pedibus,
1321 2491 1348 2516 et
1366 2488 1472 2516 militia

1147 2536 1219 2565 Coeli
1232 2537 1293 2564 tota
1307 2543 1361 2572 per
1377 2538 1403 2563 te
1420 2535 1453 2571 (c)
1471 2535 1583 2570 regitur

1146 2584 1253 2619 Caput,
1278 2582 1465 2611 duodenaria

1054 2648 1087 2677 (ιι)
1105 2647 1164 2671 Coet.
1179 2647 1239 2670 ertit.
1254 2646 1312 2670 add.
1331 2649 1395 2670 et.—
1415 2646 1444 2677 (b)
1463 2646 1525 2670 Cret.
1541 2646 1604 2671 edit.
1619 2646 1686 2671 deest
1702 2654 1758 2671 ceu.
1777 2640 1801 2664 „ss

1023 2684 1054 2710 (c)
1072 2684 1126 2714 Leq.
1141 2683 1204 2707 lei
1220 2690 1264 2714 per
1281 2686 1359 2707 tuum.
