2029 3052
140 1402 211 1421 omne

149 1437 204 1458 opus

133 1462 215 1483 Christi

124 1494 150 1514 ud
160 1494 231 1520 ipsum

125 1526 217 1546 relatum
225 1541 230 1548 ‚

133 1559 166 1577 est
177 1563 224 1583 pcr-

133 1587 222 1608 lectissi-

144 1624 212 1639 muni.

236 239 295 269 416

236 313 295 346 pro
313 303 407 336 nobis
425 303 554 342 faceret,
578 304 609 334 et
627 309 709 343 quos
732 299 915 332 vivificabat
929 303 1017 328 mors

237 359 305 398 tua,
325 357 539 389 nihilominus
558 358 590 388 et
613 354 781 396 trepidatio
805 353 965 390 robustos,
985 350 1018 381 et

237 411 390 443 moestitia
402 411 503 449 laetos,
518 412 549 441 et
563 409 696 441 taedium
711 408 842 446 alacres,
860 408 891 438 et
907 405 1017 437 turba-

237 465 281 497 tio
296 465 421 506 quietos
433 464 562 503 faceret,
578 465 609 495 et
623 462 774 495 desolatio
787 459 985 493 consolatos?
995 469 1010 487 n

238 518 413 559 Hucusque
440 517 634 549 Bernardus.
666 516 705 548 Et
734 516 795 547 hoc
817 515 924 555 ipsum
953 513 1015 551 est,

238 573 324 614 quod
339 572 415 604 dicit
434 571 638 612 Augustinus
658 571 694 602 in
713 569 902 602 auctoritate
921 575 1016 607 supe-

238 627 307 659 rius
318 626 457 667 allegata
476 626 497 666 ¹,
514 625 600 667 quod
616 624 786 657 sublimius
800 622 922 664 aliquid
935 622 1016 653 fece-

238 682 289 713 rat
303 680 434 720 Paulus,
457 690 556 722 quam
579 689 660 721 opus
681 679 765 721 quod
788 678 905 709 fecerat
928 675 1017 707 Chri-

239 738 326 775 stus;
346 745 405 767 nec
426 738 535 767 tamen
555 735 672 766 Paulus
695 734 864 766 sublimius
883 731 1018 769 Christo,

239 790 305 821 imo
317 789 460 821 Christus
475 789 658 828 sublimius,
671 788 746 829 quia
768 785 1017 819 misericordius.

240 843 331 881 Quod
345 843 417 875 ideo
425 843 512 882 dicit,
524 842 602 883 quia
611 842 680 883 ipsa
693 840 918 873 condescensio
931 838 1020 870 Chri-

239 897 290 936 sti,
306 907 371 938 qua
385 896 539 928 membris
559 896 626 928 suis
645 893 914 927 condescendebat
927 892 1018 923 infir-

240 950 302 982 mis
317 952 348 982 et
367 950 570 992 imperfectis,
594 959 635 982 ex
655 948 850 981 sublimitate
870 945 1019 988 procede-

239 1005 294 1036 bat
320 1005 558 1045 perfectissimae
594 1003 769 1035 charitatis.
808 1002 896 1034 Sicut
932 1000 1019 1032 enim

240 1059 419 1091 humanam
444 1058 635 1091 assumendo
656 1059 823 1095 naturam,
847 1056 880 1086 in
904 1053 1022 1085 nostris

241 1113 371 1154 quidem
396 1114 496 1145 sactus
518 1115 565 1144 est
584 1111 732 1149 humilis,
755 1109 809 1141 sed
831 1109 864 1140 in
886 1107 1023 1149 propriis

242 1167 417 1208 permansit
432 1167 591 1204 excelsus;
609 1166 654 1197 sic
664 1167 695 1196 et
708 1172 845 1196 summae
860 1161 1024 1194 charitatis

243 1221 440 1261 dignatione,
458 1221 496 1252 ad
512 1222 601 1251 actus
614 1219 772 1261 quosdam
786 1219 906 1249 nostrae
921 1215 1023 1247 imbe-

243 1276 365 1307 cillitati
382 1277 412 1307 et
427 1275 658 1316 imperfectioni
681 1273 861 1305 conformes
876 1270 1025 1311 deprimi—

245 1333 308 1368 tur,
323 1333 353 1361 et
368 1340 387 1361 a
402 1339 538 1361 summae
547 1328 746 1370 perfectiouis
762 1326 949 1358 rectitudine
960 1333 1024 1355 non

245 1386 411 1416 curvatur.
429 1384 474 1415 Ac
489 1393 546 1424 per
557 1383 618 1414 boc
634 1392 747 1415 verum
763 1385 821 1420 est,
838 1380 921 1422 quod
934 1378 1023 1411 Chri-

245 1439 285 1470 sti
301 1439 436 1479 persecta
451 1440 527 1469 suut
550 1437 658 1468 omnia
679 1445 777 1477 opera
791 1435 830 1466 ad
851 1435 957 1475 ipsum
975 1442 1026 1464 re-

246 1493 310 1523 lata
327 1503 333 1523 z
352 1501 467 1523 verum
479 1491 575 1522 etiam
591 1493 648 1529 est,
666 1490 751 1531 quod
769 1489 912 1521 Christus
927 1488 1024 1519 etiam

247 1546 319 1578 fecit
333 1546 440 1586 aliqua
456 1555 567 1586 opera,
592 1545 796 1576 infirmorum
812 1544 844 1574 in
866 1552 899 1574 se
923 1542 1025 1574 susci-

247 1600 360 1641 piendo
384 1609 566 1640 personam,
593 1601 625 1630 et
643 1599 682 1630 ad
706 1601 814 1630 nostra
838 1597 1027 1628 condescen-

247 1654 350 1685 dendo
365 1654 493 1684 infirma
516 1655 547 1684 et
566 1653 762 1693 imperfecta.
779 1651 899 1683 Verum
915 1650 1028 1681 nihilo-

247 1708 355 1739 minus
388 1708 473 1748 quod
508 1717 619 1739 eorum
648 1708 793 1748 opposita
825 1705 1028 1737 laudabiliter

248 1763 382 1803 possunt
408 1761 490 1800 fieri,
513 1764 543 1792 et
564 1761 756 1793 laudabilius
781 1762 827 1792 est
850 1761 952 1791 facere
976 1759 1029 1790 illa

249 1825 306 1855 pro
322 1815 390 1846 loco
405 1818 436 1847 et
450 1818 604 1856 tempore,
623 1825 721 1856 quam
737 1815 895 1846 omittere.
907 1813 1028 1845 Verum

249 1871 296 1900 est
310 1870 418 1908 etiam,
435 1870 520 1910 qnod
538 1879 704 1910 uunquam
724 1878 764 1900 ex
777 1869 839 1899 hoc
854 1867 1030 1908 discipulus

249 1925 296 1954 est
310 1932 408 1963 super
423 1923 628 1963 magistrum,
647 1923 722 1962 quia
737 1922 848 1953 nullus
861 1923 948 1953 tanta
958 1921 1031 1952 cha-

250 1977 343 2008 ritate
355 1977 497 2008 ascendit
512 1977 551 2007 ad
569 1977 621 2007 illa
637 1976 741 2015 sortia,
754 1978 874 2016 quanta
887 1975 1031 2006 Christus

251 2031 473 2062 condescendit
483 2031 521 2062 ad
534 2031 590 2061 ista
600 2031 742 2061 infirma:
757 2032 788 2061 et
800 2030 870 2060 ideo
877 2029 1032 2068 magister

249 2087 296 2117 est
312 2094 438 2125 semper
453 2094 550 2125 supra
562 2084 766 2124 discipulum,
784 2084 926 2114 Christus
942 2082 1032 2113 vide-

250 2139 320 2170 licet
336 2148 433 2179 supra
448 2148 577 2170 omnem
594 2138 756 2170 hominem
779 2140 1031 2178 quantumcum-

250 2203 312 2233 que
328 2194 512 2233 pcrl'ectum.
533 2193 609 2224 llaec
622 2192 731 2223 omnia
746 2193 771 2222 si
790 2192 839 2232 pie
855 2194 886 2222 et
901 2191 1034 2230 diligen-

252 2249 298 2278 ter
315 2248 356 2285 is,
382 2247 433 2278 cui
449 2247 679 2287 respondetur,
696 2246 841 2277 scivisset
855 2245 1032 2282 advertere,

251 2310 419 2341 nunquam
433 2303 477 2331 tot
491 2304 600 2331 contra
612 2300 725 2332 Christi
733 2299 1034 2331 condescensionem

251 2354 436 2395 protulisset
456 2354 602 2394 ineptias
621 2354 657 2385 Et
673 2357 758 2392 tunc,
777 2353 802 2383 si
818 2352 1035 2384 misericordia

252 2409 305 2439 Dei
319 2410 517 2449 praeventus,
536 2410 571 2438 ut
583 2416 639 2447 per
653 2416 782 2437 omnem
799 2406 932 2437 modum
942 2409 1033 2446 opta-

254 2474 346 2501 mus,
373 2466 404 2495 et
434 2462 618 2503 suppliciter
641 2462 795 2501 petimus,
819 2461 1033 2492 humilitatem

254 2518 375 2549 discere
390 2517 478 2554 velit,
495 2525 559 2547 non
575 2515 664 2546 alteri
686 2515 853 2546 conabitur
875 2514 1034 2545 baereticae

253 2572 418 2612 pravitatis
438 2571 559 2602 crimen
578 2569 772 2610 impingere,
790 2569 844 2600 sed
867 2569 1034 2609 proprium

253 2626 416 2665 corrigere
442 2636 477 2657 ac
506 2624 671 2665 deplorare
703 2624 841 2655 studebit
869 2633 1011 2655 errorem
1024 2647 1032 2662 ,

254 2680 313 2710 nisi
330 2681 420 2718 sorte,
437 2680 523 2719 quod
541 2680 666 2710 avertat
680 2677 773 2717 Deus,
791 2678 829 2708 de
844 2687 980 2709 numero
995 2677 1034 2707 sit

289 2744 291 2756 ¹
309 2745 384 2774 Aug„
401 2742 443 2766 ubi
458 2749 515 2772 sup.
532 2748 606 2772 prox.

820 225 1031 264 APOLOGlAE
1053 222 1274 257 PAUPERUM

1074 291 1219 330 illorum,
1235 289 1292 331 qui
1307 289 1424 322 Christi
1445 290 1592 322 sublimis
1611 292 1642 323 et
1656 291 1790 324 humilis
1803 293 1851 325 al-

1073 348 1141 378 tam
1150 347 1182 377 et
1193 344 1474 377 condescensivam
1485 344 1670 385 ignorantes
1679 345 1850 387 justitiam,

1074 402 1106 432 et
1124 399 1334 431 inflexibilem
1354 399 1527 439 quemdam
1551 399 1708 439 magistro
1730 388 1851 440 perfec-

1074 453 1169 485 tionis
1193 453 1402 484 attribuentes
1426 461 1588 492 errorem,
1610 461 1697 485 verae
1725 462 1762 484 ac
1790 453 1853 494 piae

1074 507 1190 539 Christi
1203 507 1338 548 Justitiae
1353 507 1590 540 convincuntur
1609 517 1678 540 esse
1703 508 1855 540 contrarii

1074 561 1190 603 potiuS,
1207 570 1307 602 quam
1321 561 1468 601 subiecti.

1335 662 1514 697 CAPUT
1546 663 1596 697 11.

1075 739 1109 766 In
1129 745 1180 774 quo
1195 738 1325 774 capitalis
1345 745 1420 766 error
1437 738 1510 766 circa
1524 737 1737 772 notificationem
1748 738 1856 774 perfec-

1114 784 1196 811 tionis
1211 785 1236 811 et
1254 784 1469 818 imperfectionis
1484 783 1612 818 eliditur,
1629 785 1655 811 et
1669 790 1740 811 veroe
1750 783 1858 818 perfec·

1111 829 1194 856 tionis
1209 829 1416 864 eaeemplaritas,
1432 830 1458 856 et
1472 827 1634 863 differentia
1652 829 1740 863 ipsius
1754 827 1791 855 ad
1805 829 1858 855 im-

1113 875 1304 910 perfectionem
1318 874 1445 907 refertur.

1120 944 1399 982 Quemadmodum
1433 945 1542 975 autem
1584 943 1858 975 condescensionis

1078 998 1195 1030 Christi
1217 998 1439 1030 adversarium
1460 997 1567 1029 valida
1588 997 1759 1028 Doctorum
1781 1005 1858 1037 pro-

1079 1053 1193 1084 stravit
1206 1052 1389 1091 auctorita-³,
1409 1052 1454 1083 sic
1476 1053 1508 1083 et
1527 1051 1669 1092 perversi
1692 1051 1764 1091 eJus
1778 1051 1858 1091 dog-

1079 1106 1173 1137 matis
1194 1108 1290 1146 caput
1309 1105 1448 1147 propriae
1462 1105 1646 1137 assertionis
1670 1113 1782 1137 mucro
1805 1104 1860 1136 de-

1080 1161 1219 1198 truncat,
1235 1160 1313 1191 dum
1335 1159 1418 1191 idem
1445 1159 1645 1200 perfectionis
1664 1158 1861 1199 evangelicae

1081 1216 1290 1256 oppugnator
1300 1213 1408 1254 impiis
1422 1214 1569 1245 sensibus
1582 1213 1770 1245 invertendo
1781 1212 1863 1244 Scri-

1081 1270 1203 1309 pturas,
1228 1270 1259 1299 et
1273 1268 1428 1308 imperitis
1442 1267 1645 1299 sermonibus
1668 1266 1862 1298 involvendo

1082 1322 1274 1361 sententias,
1298 1331 1363 1353 non
1389 1322 1493 1354 solum
1510 1331 1529 1353 a
1546 1322 1680 1354 veritate
1703 1321 1861 1359 dissentit,

1081 1386 1197 1408 verum
1225 1377 1321 1408 etiam
1350 1376 1472 1417 sibiipsi
1505 1375 1701 1408 contradicit.
1737 1375 1862 1413 Quanta

1081 1440 1222 1472 namque
1238 1431 1279 1461 sit
1301 1430 1334 1461 in
1357 1429 1564 1471 sequentibus
1588 1429 1767 1461 intellectus
1791 1438 1864 1469 per-

1084 1485 1234 1524 versitas,
1271 1486 1411 1525 quantus
1446 1483 1688 1524 Scripturarum
1720 1483 1860 1522 abusus,

1083 1542 1205 1580 quanta
1229 1538 1384 1570 involutio
1408 1538 1656 1576 sententiarum,
1681 1539 1865 1578 quantaque

1082 1593 1299 1634 repugnantia
1323 1601 1495 1631 sensuum,
1521 1592 1599 1633 quia
1627 1592 1763 1631 longum
1784 1592 1865 1622 esset

1084 1647 1234 1688 explicari
1248 1656 1304 1687 per
1319 1646 1460 1686 singula,
1478 1645 1627 1686 prudenti
1644 1645 1752 1676 lectori
1774 1645 1864 1675 suffi-

1084 1711 1153 1732 cere
1171 1701 1347 1739 credimus,
1372 1700 1398 1730 si
1422 1700 1529 1740 aliqua
1556 1699 1685 1730 illorum
1707 1698 1865 1729 succincte

1085 1758 1269 1795 tangamus.
1296 1754 1464 1794 Siquidem
1489 1763 1507 1784 a
1531 1753 1718 1785 diffinitione
1745 1752 1865 1792 perfec-

1086 1809 1182 1840 tionis
1191 1809 1283 1850 quasi
1299 1808 1433 1849 capitale
1449 1816 1581 1839 sumens
1596 1806 1777 1845 exordium,
1789 1805 1865 1837 dicit

1087 1863 1174 1903 quod
1190 1862 1338 1904 perfectio
1354 1862 1453 1902 hujus
1464 1861 1538 1892 vitae
1552 1863 1609 1899 est,
1626 1869 1692 1892 non
1707 1861 1744 1891 ut
1757 1868 1866 1900 pecca-

1087 1920 1158 1949 tum
1171 1927 1235 1949 nou
1250 1917 1438 1953 habeamus,
1454 1915 1508 1946 sed
1523 1924 1563 1946 ne
1578 1916 1694 1954 regnet
1705 1914 1738 1944 in
1757 1915 1866 1945 nostro

1089 1972 1215 2003 mortali
1231 1981 1374 2012 corpore.
1393 1971 1458 2002 IIoc
1480 1970 1629 2011 quamvis
1651 1969 1692 2000 sit
1712 1968 1867 2000 veraciter

1087 2029 1118 2058 et
1133 2026 1286 2057 catholice
1308 2034 1435 2064 verum,
1453 2027 1484 2055 et
1504 2033 1522 2055 a
1543 2023 1659 2055 sanctis
1680 2024 1864 2063 acceptum3

1087 2080 1163 2121 quia
1179 2082 1284 2110 tamen
1310 2079 1344 2109 in
1366 2079 1424 2109 hoe
1447 2077 1648 2118 perfectionis
1670 2075 1866 2116 evangelicae

1090 2133 1264 2165 terminum
1281 2132 1380 2172 ponit,
1402 2134 1434 2163 et
1455 2131 1726 2171 complementum
1748 2129 1865 2161 consti-

1090 2190 1162 2228 tuit,
1179 2199 1198 2220 a
1218 2198 1295 2221 vera
1315 2187 1515 2228 perfectionis
1533 2187 1645 2219 notitia
1666 2186 1777 2227 procul
1800 2194 1867 2217 esse

1091 2243 1305 2275 convincitur.
1324 2241 1404 2273 Nam
1420 2251 1493 2272 cum
1509 2241 1614 2272 omnis
1629 2240 1726 2272 homo
1741 2239 1780 2271 ad
1795 2240 1865 2278 hoc,

1090 2298 1175 2339 quod
1191 2299 1356 2338 peccatum
1382 2296 1497 2336 inipso
1521 2304 1585 2326 uon
1609 2297 1735 2334 regnet,
1758 2294 1867 2325 divino

1090 2352 1130 2383 sit
1154 2353 1312 2392 praecepto
1336 2350 1493 2387 astrictus,
1517 2348 1622 2380 omnis
1646 2348 1747 2388 igitur
1769 2347 1867 2378 homo

1091 2407 1252 2436 teneretur
1277 2414 1345 2435 csse
1367 2403 1536 2444 persectuS.
1560 2402 1694 2440 Iterum,
1718 2401 1743 2432 si
1760 2410 1866 2441 quan-

1091 2462 1302 2499 tumcumque
1317 2458 1454 2489 charitas
1469 2465 1568 2497 parva
1591 2456 1630 2487 ad
1657 2456 1717 2486 hoc
1739 2455 1864 2495 sufficit,

1091 2514 1246 2553 sequitur,
1267 2512 1352 2553 quod
1376 2511 1512 2543 minima
1532 2510 1668 2541 charitas
1683 2509 1722 2540 ad
1747 2510 1865 2549 persec-

1091 2568 1186 2599 tionis
1201 2567 1329 2599 culmen
1345 2566 1486 2605 attingit.
1504 2564 1585 2602 Quid
1599 2563 1700 2603 igitur
1713 2563 1789 2594 dicit
1803 2563 1867 2595 Au-

1091 2622 1253 2661 gustinus,
1271 2621 1357 2662 quod
1378 2620 1516 2651 charitas
1530 2619 1670 2649 meretur
1690 2617 1815 2657 augeri,
1831 2619 1868 2648 ut

1091 2678 1184 2708 aucta
1198 2678 1358 2707 mercatur
1372 2677 1403 2706 et
1420 2672 1551 2714 perfici?
1574 2671 1732 2711 Amplius,
1753 2671 1777 2702 si
1795 2680 1867 2711 per-

1092 2730 1182 2762 fectio
1213 2732 1281 2769 est,
1319 2729 1405 2769 quod
1429 2728 1593 2768 peccatum
1618 2726 1652 2756 in
1682 2725 1773 2757 nobis
1803 2733 1867 2756 uon
