<?xml version="1.0" encoding="UTF-8"?>
<!DOCTYPE html PUBLIC "-//W3C//DTD XHTML 1.0 Transitional//EN"
    "http://www.w3.org/TR/xhtml1/DTD/xhtml1-transitional.dtd">
<html xmlns="http://www.w3.org/1999/xhtml" xml:lang="en" lang="en">
 <head>
  <title>
</title>
<meta http-equiv="Content-Type" content="text/html;charset=utf-8" />
  <meta name='ocr-system' content='tesseract 3.04.00' />
  <meta name='ocr-capabilities' content='ocr_page ocr_carea ocr_par ocr_line ocrx_word'/>
</head>
<body>
  <div class='ocr_page' id='page_1' title='image "./operaomniasixtiv14bonauoft/operaomniasixtiv14bonauoft_0348.png"; bbox 0 0 2029 3052; ppageno 0'>
   <div class='ocr_carea' id='block_1_1' title="bbox 241 244 302 275">
    <p class='ocr_par' dir='ltr' id='par_1_1' title="bbox 241 244 302 275">
     <span class='ocr_line' id='line_1_1' title="bbox 241 244 302 275; baseline -0.016 0"><span class='ocrx_word' id='word_1_1' title='bbox 241 244 302 275; x_wconf 84' lang='lat'><strong>310</strong></span> 
     </span>
    </p>
   </div>
   <div class='ocr_carea' id='block_1_2' title="bbox 235 307 1027 2719">
    <p class='ocr_par' dir='ltr' id='par_1_2' title="bbox 235 307 1027 2719">
     <span class='ocr_line' id='line_1_2' title="bbox 241 307 1018 351; baseline -0.001 -10"><span class='ocrx_word' id='word_1_2' title='bbox 241 317 370 351; x_wconf 88' lang='lat' dir='ltr'><strong>panem,</strong></span> <span class='ocrx_word' id='word_1_3' title='bbox 387 310 419 341; x_wconf 89' lang='lat' dir='ltr'><strong>et</strong></span> <span class='ocrx_word' id='word_1_4' title='bbox 433 310 470 341; x_wconf 91' lang='lat' dir='ltr'><strong>ut</strong></span> <span class='ocrx_word' id='word_1_5' title='bbox 476 309 628 342; x_wconf 85' lang='lat' dir='ltr'>ruborem</span> <span class='ocrx_word' id='word_1_6' title='bbox 637 309 684 340; x_wconf 92' lang='lat' dir='ltr'><strong>illi</strong></span> <span class='ocrx_word' id='word_1_7' title='bbox 693 307 830 348; x_wconf 85' lang='lat' dir='ltr'><strong>tolleret,</strong></span> <span class='ocrx_word' id='word_1_8' title='bbox 845 308 940 349; x_wconf 86' lang='lat' dir='ltr'><strong>coepit</strong></span> <span class='ocrx_word' id='word_1_9' title='bbox 949 308 1018 350; x_wconf 90' lang='lat' dir='ltr'><strong>ipse</strong></span> 
     </span>
     <span class='ocr_line' id='line_1_3' title="bbox 241 362 1019 405; baseline -0.003 -9"><span class='ocrx_word' id='word_1_10' title='bbox 241 363 330 405; x_wconf 89' lang='lat' dir='ltr'><strong>prior</strong></span> <span class='ocrx_word' id='word_1_11' title='bbox 345 364 531 404; x_wconf 82' lang='lat' dir='ltr'><strong>comedere,</strong></span> <span class='ocrx_word' id='word_1_12' title='bbox 547 372 687 404; x_wconf 78' lang='lat' dir='ltr'><strong>eumque</strong></span> <span class='ocrx_word' id='word_1_13' title='bbox 701 363 742 395; x_wconf 89' lang='lat' dir='ltr'><strong>ad</strong></span> <span class='ocrx_word' id='word_1_14' title='bbox 758 362 1019 394; x_wconf 87' lang='lat' dir='ltr'><strong>manducandum</strong></span> 
     </span>
     <span class='ocr_line' id='line_1_4' title="bbox 241 416 1016 458; baseline -0.003 -9"><span class='ocrx_word' id='word_1_15' title='bbox 241 417 377 449; x_wconf 86' lang='lat' dir='ltr'><strong>dulciter</strong></span> <span class='ocrx_word' id='word_1_16' title='bbox 399 417 548 450; x_wconf 89' lang='lat' dir='ltr'><strong>invitare.</strong></span> <span class='ocrx_word' id='word_1_17' title='bbox 571 416 722 458; x_wconf 80' lang='lat' dir='ltr'><strong>Deposuit</strong></span> <span class='ocrx_word' id='word_1_18' title='bbox 741 416 838 448; x_wconf 85' lang='lat' dir='ltr'><strong>frater</strong></span> <span class='ocrx_word' id='word_1_19' title='bbox 860 425 1016 448; x_wconf 90' lang='lat' dir='ltr'><strong>verecun-</strong></span> 
     </span>
     <span class='ocr_line' id='line_1_5' title="bbox 241 470 1018 513; baseline -0.003 -10"><span class='ocrx_word' id='word_1_20' title='bbox 241 471 340 511; x_wconf 86' lang='lat' dir='ltr'>diam,</span> <span class='ocrx_word' id='word_1_21' title='bbox 363 471 501 513; x_wconf 86' lang='lat' dir='ltr'><strong>sumpsit</strong></span> <span class='ocrx_word' id='word_1_22' title='bbox 525 471 652 510; x_wconf 91' lang='lat' dir='ltr'><strong>cihum,</strong></span> <span class='ocrx_word' id='word_1_23' title='bbox 669 470 802 511; x_wconf 84' lang='lat' dir='ltr'><strong>gavisus</strong></span> <span class='ocrx_word' id='word_1_24' title='bbox 816 470 1018 511; x_wconf 83' lang='lat' dir='ltr'><strong>quampluri-</strong></span> 
     </span>
     <span class='ocr_line' id='line_1_6' title="bbox 241 524 1020 567; baseline -0.004 -9"><span class='ocrx_word' id='word_1_25' title='bbox 241 536 333 558; x_wconf 90' lang='lat' dir='ltr'><strong>mum</strong></span> <span class='ocrx_word' id='word_1_26' title='bbox 343 551 352 566; x_wconf 94' lang='lat'>‚</span> <span class='ocrx_word' id='word_1_27' title='bbox 374 526 461 567; x_wconf 87' lang='lat' dir='ltr'><strong>quod</strong></span> <span class='ocrx_word' id='word_1_28' title='bbox 474 534 532 567; x_wconf 88' lang='lat' dir='ltr'><strong>per</strong></span> <span class='ocrx_word' id='word_1_29' title='bbox 550 525 813 565; x_wconf 80' lang='lat' dir='ltr'><strong>circumspectam</strong></span> <span class='ocrx_word' id='word_1_30' title='bbox 829 524 1020 556; x_wconf 87' lang='lat' dir='ltr'><strong>condescen-</strong></span> 
     </span>
     <span class='ocr_line' id='line_1_7' title="bbox 241 577 1020 620; baseline -0.004 -9"><span class='ocrx_word' id='word_1_31' title='bbox 241 579 365 611; x_wconf 80' lang='lat' dir='ltr'>sionem</span> <span class='ocrx_word' id='word_1_32' title='bbox 387 578 539 620; x_wconf 88' lang='lat' dir='ltr'><strong>pastoris,</strong></span> <span class='ocrx_word' id='word_1_33' title='bbox 564 580 596 611; x_wconf 89' lang='lat' dir='ltr'><strong>et</strong></span> <span class='ocrx_word' id='word_1_34' title='bbox 615 578 758 619; x_wconf 89' lang='lat' dir='ltr'><strong>corporis</strong></span> <span class='ocrx_word' id='word_1_35' title='bbox 781 578 934 610; x_wconf 89' lang='lat' dir='ltr'><strong>evasisset</strong></span> <span class='ocrx_word' id='word_1_36' title='bbox 959 577 1020 609; x_wconf 89' lang='lat' dir='ltr'><strong>dis-</strong></span> 
     </span>
     <span class='ocr_line' id='line_1_8' title="bbox 240 630 1020 674; baseline -0.005 -9"><span class='ocrx_word' id='word_1_37' title='bbox 240 633 413 674; x_wconf 84' lang='lat' dir='ltr'><strong>pendium,</strong></span> <span class='ocrx_word' id='word_1_38' title='bbox 430 634 461 664; x_wconf 88' lang='lat' dir='ltr'><strong>et</strong></span> <span class='ocrx_word' id='word_1_39' title='bbox 474 641 540 665; x_wconf 91' lang='lat' dir='ltr'><strong>non</strong></span> <span class='ocrx_word' id='word_1_40' title='bbox 555 632 719 664; x_wconf 89' lang='lat' dir='ltr'><strong>modicum</strong></span> <span class='ocrx_word' id='word_1_41' title='bbox 737 631 908 672; x_wconf 79' lang='lat' dir='ltr'><strong>accepisset</strong></span> <span class='ocrx_word' id='word_1_42' title='bbox 922 630 1020 662; x_wconf 85' lang='lat' dir='ltr'><strong>aedifi-</strong></span> 
     </span>
     <span class='ocr_line' id='line_1_9' title="bbox 241 683 1019 727; baseline -0.005 -9"><span class='ocrx_word' id='word_1_43' title='bbox 241 686 374 719; x_wconf 89' lang='lat' dir='ltr'><strong>cationis</strong></span> <span class='ocrx_word' id='word_1_44' title='bbox 397 686 595 727; x_wconf 86' lang='lat' dir='ltr'><strong>exemplum.</strong></span> <span class='ocrx_word' id='word_1_45' title='bbox 621 685 713 717; x_wconf 90' lang='lat' dir='ltr'><strong>Mane</strong></span> <span class='ocrx_word' id='word_1_46' title='bbox 738 686 841 724; x_wconf 79' lang='lat' dir='ltr'><strong>facto,</strong></span> <span class='ocrx_word' id='word_1_47' title='bbox 866 683 1019 715; x_wconf 82' lang='lat' dir='ltr'><strong>fratribus</strong></span> 
     </span>
     <span class='ocr_line' id='line_1_10' title="bbox 239 737 1020 779; baseline -0.006 -6"><span class='ocrx_word' id='word_1_48' title='bbox 239 740 424 773; x_wconf 84' lang='lat' dir='ltr'><strong>convocatis</strong></span> <span class='ocrx_word' id='word_1_49' title='bbox 437 740 471 772; x_wconf 91' lang='lat' dir='ltr'><strong>in</strong></span> <span class='ocrx_word' id='word_1_50' title='bbox 485 749 604 779; x_wconf 89' lang='lat' dir='ltr'><strong>unum,</strong></span> <span class='ocrx_word' id='word_1_51' title='bbox 620 740 672 772; x_wconf 89' lang='lat' dir='ltr'><strong>vir</strong></span> <span class='ocrx_word' id='word_1_52' title='bbox 688 740 756 778; x_wconf 89' lang='lat' dir='ltr'><strong>Dei,</strong></span> <span class='ocrx_word' id='word_1_53' title='bbox 777 739 919 770; x_wconf 84' lang='lat' dir='ltr'><strong>referens</strong></span> <span class='ocrx_word' id='word_1_54' title='bbox 933 737 1020 778; x_wconf 91' lang='lat' dir='ltr'><strong>quod</strong></span> 
     </span>
     <span class='ocr_line' id='line_1_11' title="bbox 239 787 1020 832; baseline -0.008 -9"><span class='ocrx_word' id='word_1_55' title='bbox 239 791 396 823; x_wconf 87' lang='lat' dir='ltr'><strong>acciderat</strong></span> <span class='ocrx_word' id='word_1_56' title='bbox 410 793 501 823; x_wconf 89' lang='lat' dir='ltr'><strong>nocte</strong></span> <span class='ocrx_word' id='word_1_57' title='bbox 514 815 521 830; x_wconf 93' lang='lat'>‚</span> <span class='ocrx_word' id='word_1_58' title='bbox 538 790 672 832; x_wconf 88' lang='lat' dir='ltr'><strong>provida</strong></span> <span class='ocrx_word' id='word_1_59' title='bbox 685 788 935 821; x_wconf 87' lang='lat' dir='ltr'><strong>commonitione</strong></span> <span class='ocrx_word' id='word_1_60' title='bbox 948 787 1020 818; x_wconf 87' lang='lat' dir='ltr'><strong>sub-</strong></span> 
     </span>
     <span class='ocr_line' id='line_1_12' title="bbox 235 841 1020 886; baseline -0.008 -9"><span class='ocrx_word' id='word_1_61' title='bbox 235 845 348 886; x_wconf 85' lang='lat' dir='ltr'><strong>junxit</strong></span> <span class='ocrx_word' id='word_1_62' title='bbox 369 856 376 876; x_wconf 92' lang='lat'>:</span> <span class='ocrx_word' id='word_1_63' title='bbox 394 844 442 877; x_wconf 93' lang='lat' dir='ltr'><strong>Sit</strong></span> <span class='ocrx_word' id='word_1_64' title='bbox 462 845 572 883; x_wconf 89' lang='lat' dir='ltr'><strong>vobis,</strong></span> <span class='ocrx_word' id='word_1_65' title='bbox 594 845 727 882; x_wconf 81' lang='lat' dir='ltr'><strong>fratres,</strong></span> <span class='ocrx_word' id='word_1_66' title='bbox 744 851 809 874; x_wconf 86' lang='lat' dir='ltr'><strong>non</strong></span> <span class='ocrx_word' id='word_1_67' title='bbox 832 842 923 873; x_wconf 90' lang='lat' dir='ltr'><strong>cibus</strong></span> <span class='ocrx_word' id='word_1_68' title='bbox 935 865 944 880; x_wconf 91' lang='lat'>‚</span> <span class='ocrx_word' id='word_1_69' title='bbox 965 841 1020 872; x_wconf 90' lang='lat' dir='ltr'><strong>sed</strong></span> 
     </span>
     <span class='ocr_line' id='line_1_13' title="bbox 239 896 1020 939; baseline -0.006 -8"><span class='ocrx_word' id='word_1_70' title='bbox 239 899 378 931; x_wconf 75' lang='lat' dir='ltr'><strong>charitas</strong></span> <span class='ocrx_word' id='word_1_71' title='bbox 398 899 433 930; x_wconf 89' lang='lat' dir='ltr'><strong>in</strong></span> <span class='ocrx_word' id='word_1_72' title='bbox 458 898 655 939; x_wconf 84' lang='lat' dir='ltr'><strong>exemplum.</strong></span> <span class='ocrx_word' id='word_1_73' title='bbox 679 897 790 928; x_wconf 83' lang='lat' dir='ltr'><strong>Docuit</strong></span> <span class='ocrx_word' id='word_1_74' title='bbox 814 896 946 936; x_wconf 88' lang='lat' dir='ltr'><strong>insuper</strong></span> <span class='ocrx_word' id='word_1_75' title='bbox 965 903 1020 926; x_wconf 91' lang='lat' dir='ltr'><strong>eos</strong></span> 
     </span>
     <span class='ocr_line' id='line_1_14' title="bbox 239 951 1016 994; baseline -0.005 -9"><span class='ocrx_word' id='word_1_76' title='bbox 239 953 462 986; x_wconf 82' lang='lat' dir='ltr'><strong>discretionem</strong></span> <span class='ocrx_word' id='word_1_77' title='bbox 483 953 574 994; x_wconf 91' lang='lat' dir='ltr'><strong>sequi</strong></span> <span class='ocrx_word' id='word_1_78' title='bbox 588 976 596 990; x_wconf 84' lang='lat'><strong>‚</strong></span> <span class='ocrx_word' id='word_1_79' title='bbox 613 955 649 984; x_wconf 91' lang='lat' dir='ltr'><strong>ut</strong></span> <span class='ocrx_word' id='word_1_80' title='bbox 666 952 816 992; x_wconf 86' lang='lat' dir='ltr'><strong>aurigam</strong></span> <span class='ocrx_word' id='word_1_81' title='bbox 831 951 992 982; x_wconf 89' lang='lat' dir='ltr'><strong>virtutum</strong></span> <span class='ocrx_word' id='word_1_82' title='bbox 1009 959 1016 980; x_wconf 95' lang='lat'>:</span> 
     </span>
     <span class='ocr_line' id='line_1_15' title="bbox 239 1004 1020 1049; baseline -0.005 -10"><span class='ocrx_word' id='word_1_83' title='bbox 239 1017 305 1039; x_wconf 90' lang='lat' dir='ltr'><strong>non</strong></span> <span class='ocrx_word' id='word_1_84' title='bbox 320 1017 403 1047; x_wconf 89' lang='lat' dir='ltr'><strong>eam,</strong></span> <span class='ocrx_word' id='word_1_85' title='bbox 419 1016 517 1049; x_wconf 86' lang='lat' dir='ltr'><strong>quam</strong></span> <span class='ocrx_word' id='word_1_86' title='bbox 533 1015 606 1038; x_wconf 88' lang='lat' dir='ltr'><strong>caro</strong></span> <span class='ocrx_word' id='word_1_87' title='bbox 622 1006 751 1044; x_wconf 86' lang='lat' dir='ltr'><strong>suadet,</strong></span> <span class='ocrx_word' id='word_1_88' title='bbox 768 1006 823 1037; x_wconf 89' lang='lat' dir='ltr'><strong>sed</strong></span> <span class='ocrx_word' id='word_1_89' title='bbox 833 1014 933 1046; x_wconf 89' lang='lat' dir='ltr'><strong>quam</strong></span> <span class='ocrx_word' id='word_1_90' title='bbox 948 1004 1020 1036; x_wconf 91' lang='lat' dir='ltr'><strong>edo-</strong></span> 
     </span>
     <span class='ocr_line' id='line_1_16' title="bbox 239 1059 1020 1101; baseline -0.004 -9"><span class='ocrx_word' id='word_1_91' title='bbox 239 1061 306 1093; x_wconf 85' lang='lat' dir='ltr'><strong>cuit</strong></span> <span class='ocrx_word' id='word_1_92' title='bbox 335 1060 497 1100; x_wconf 82' lang='lat' dir='ltr'><strong>Christus,</strong></span> <span class='ocrx_word' id='word_1_93' title='bbox 521 1062 615 1101; x_wconf 89' lang='lat' dir='ltr'><strong>cujus</strong></span> <span class='ocrx_word' id='word_1_94' title='bbox 638 1060 886 1091; x_wconf 85' lang='lat' dir='ltr'><strong>sacratissimam</strong></span> <span class='ocrx_word' id='word_1_95' title='bbox 919 1059 1020 1090; x_wconf 90' lang='lat' dir='ltr'><strong>vitam</strong></span> 
     </span>
     <span class='ocr_line' id='line_1_17' title="bbox 239 1113 1018 1156; baseline -0.004 -10"><span class='ocrx_word' id='word_1_96' title='bbox 239 1123 430 1156; x_wconf 85' lang='lat' dir='ltr'><strong>expressum</strong></span> <span class='ocrx_word' id='word_1_97' title='bbox 452 1116 576 1146; x_wconf 88' lang='lat' dir='ltr'><strong>constat</strong></span> <span class='ocrx_word' id='word_1_98' title='bbox 598 1123 666 1145; x_wconf 89' lang='lat' dir='ltr'><strong>esse</strong></span> <span class='ocrx_word' id='word_1_99' title='bbox 685 1113 887 1154; x_wconf 80' lang='lat' dir='ltr'><strong>perfectionis</strong></span> <span class='ocrx_word' id='word_1_100' title='bbox 908 1121 1018 1144; x_wconf 86' lang='lat' dir='ltr'><strong>exem-</strong></span> 
     </span>
     <span class='ocr_line' id='line_1_18' title="bbox 239 1167 1019 1210; baseline -0.004 -10"><span class='ocrx_word' id='word_1_101' title='bbox 239 1168 320 1210; x_wconf 89' lang='lat' dir='ltr'><strong>plar.</strong></span> <span class='ocrx_word' id='word_1_102' title='bbox 336 1168 374 1200; x_wconf 89' lang='lat' dir='ltr'><strong>Et</strong></span> <span class='ocrx_word' id='word_1_103' title='bbox 387 1169 542 1210; x_wconf 88' lang='lat' dir='ltr'><strong>quoniam</strong></span> <span class='ocrx_word' id='word_1_104' title='bbox 554 1177 679 1208; x_wconf 81' lang='lat' dir='ltr'><strong>agnum</strong></span> <span class='ocrx_word' id='word_1_105' title='bbox 694 1168 762 1199; x_wconf 87' lang='lat' dir='ltr'><strong>sine</strong></span> <span class='ocrx_word' id='word_1_106' title='bbox 781 1167 906 1198; x_wconf 88' lang='lat' dir='ltr'><strong>macula</strong></span> <span class='ocrx_word' id='word_1_107' title='bbox 916 1167 1019 1198; x_wconf 84' lang='lat' dir='ltr'><strong>cruci-</strong></span> 
     </span>
     <span class='ocr_line' id='line_1_19' title="bbox 240 1221 1021 1263; baseline -0.005 -8"><span class='ocrx_word' id='word_1_108' title='bbox 240 1224 344 1255; x_wconf 82' lang='lat' dir='ltr'><strong>fixum</strong></span> <span class='ocrx_word' id='word_1_109' title='bbox 362 1232 427 1255; x_wconf 91' lang='lat' dir='ltr'><strong>non</strong></span> <span class='ocrx_word' id='word_1_110' title='bbox 448 1225 496 1254; x_wconf 86' lang='lat' dir='ltr'><strong>est</strong></span> <span class='ocrx_word' id='word_1_111' title='bbox 512 1222 658 1263; x_wconf 91' lang='lat' dir='ltr'><strong>possibile</strong></span> <span class='ocrx_word' id='word_1_112' title='bbox 674 1221 799 1253; x_wconf 86' lang='lat' dir='ltr'><strong>homini</strong></span> <span class='ocrx_word' id='word_1_113' title='bbox 815 1221 919 1252; x_wconf 87' lang='lat' dir='ltr'><strong>carnis</strong></span> <span class='ocrx_word' id='word_1_114' title='bbox 935 1221 1021 1252; x_wconf 86' lang='lat' dir='ltr'><strong>iufir-</strong></span> 
     </span>
     <span class='ocr_line' id='line_1_20' title="bbox 240 1276 1020 1317; baseline -0.004 -8"><span class='ocrx_word' id='word_1_115' title='bbox 240 1278 350 1309; x_wconf 88' lang='lat' dir='ltr'><strong>mitate</strong></span> <span class='ocrx_word' id='word_1_116' title='bbox 374 1277 570 1309; x_wconf 87' lang='lat' dir='ltr'><strong>circumdato</strong></span> <span class='ocrx_word' id='word_1_117' title='bbox 585 1277 630 1308; x_wconf 86' lang='lat' dir='ltr'><strong>sie</strong></span> <span class='ocrx_word' id='word_1_118' title='bbox 645 1276 780 1316; x_wconf 78' lang='lat' dir='ltr'><strong>perfecte</strong></span> <span class='ocrx_word' id='word_1_119' title='bbox 795 1276 922 1314; x_wconf 89' lang='lat' dir='ltr'><strong>sectari,</strong></span> <span class='ocrx_word' id='word_1_120' title='bbox 939 1276 1020 1317; x_wconf 91' lang='lat' dir='ltr'><strong>quin</strong></span> 
     </span>
     <span class='ocr_line' id='line_1_21' title="bbox 241 1330 1019 1372; baseline 0 -10"><span class='ocrx_word' id='word_1_121' title='bbox 241 1331 414 1372; x_wconf 89' lang='lat' dir='ltr'><strong>aliquando</strong></span> <span class='ocrx_word' id='word_1_122' title='bbox 428 1331 553 1371; x_wconf 87' lang='lat' dir='ltr'><strong>aliquas</strong></span> <span class='ocrx_word' id='word_1_123' title='bbox 561 1330 863 1368; x_wconf 78' lang='lat' dir='ltr'><strong>contrahatsordes3</strong></span> <span class='ocrx_word' id='word_1_124' title='bbox 880 1330 951 1361; x_wconf 91' lang='lat' dir='ltr'><strong>ideo</strong></span> <span class='ocrx_word' id='word_1_125' title='bbox 963 1331 1019 1362; x_wconf 93' lang='lat' dir='ltr'><strong>do-</strong></span> 
     </span>
     <span class='ocr_line' id='line_1_22' title="bbox 241 1384 1021 1425; baseline -0.003 -9"><span class='ocrx_word' id='word_1_126' title='bbox 241 1386 391 1416; x_wconf 90' lang='lat' dir='ltr'><strong>cumento</strong></span> <span class='ocrx_word' id='word_1_127' title='bbox 406 1387 492 1416; x_wconf 90' lang='lat' dir='ltr'><strong>certo</strong></span> <span class='ocrx_word' id='word_1_128' title='bbox 506 1385 654 1415; x_wconf 85' lang='lat' dir='ltr'><strong>firmabat</strong></span> <span class='ocrx_word' id='word_1_129' title='bbox 669 1393 723 1416; x_wconf 88' lang='lat' dir='ltr'><strong>eos</strong></span> <span class='ocrx_word' id='word_1_130' title='bbox 734 1409 743 1423; x_wconf 91' lang='lat'><em>‚</em></span> <span class='ocrx_word' id='word_1_131' title='bbox 759 1385 814 1425; x_wconf 86' lang='lat' dir='ltr'><strong>qui</strong></span> <span class='ocrx_word' id='word_1_132' title='bbox 839 1384 1021 1424; x_wconf 78' lang='lat' dir='ltr'><strong>perfectioni</strong></span> 
     </span>
     <span class='ocr_line' id='line_1_23' title="bbox 241 1437 1019 1480; baseline -0.003 -10"><span class='ocrx_word' id='word_1_133' title='bbox 241 1439 318 1470; x_wconf 80' lang='lat' dir='ltr'><strong>vitae</strong></span> <span class='ocrx_word' id='word_1_134' title='bbox 341 1438 515 1479; x_wconf 73' lang='lat' dir='ltr'><strong>vigilanter</strong></span> <span class='ocrx_word' id='word_1_135' title='bbox 534 1438 725 1477; x_wconf 87' lang='lat' dir='ltr'><strong>intendunt,</strong></span> <span class='ocrx_word' id='word_1_136' title='bbox 748 1437 943 1480; x_wconf 72' lang='lat' dir='ltr'><strong>quotidianis</strong></span> <span class='ocrx_word' id='word_1_137' title='bbox 965 1438 1019 1468; x_wconf 90' lang='lat' dir='ltr'><strong>de-</strong></span> 
     </span>
     <span class='ocr_line' id='line_1_24' title="bbox 242 1492 1022 1534; baseline -0.003 -10"><span class='ocrx_word' id='word_1_138' title='bbox 242 1493 317 1525; x_wconf 88' lang='lat' dir='ltr'><strong>bere</strong></span> <span class='ocrx_word' id='word_1_139' title='bbox 332 1502 366 1524; x_wconf 87' lang='lat' dir='ltr'><strong>se</strong></span> <span class='ocrx_word' id='word_1_140' title='bbox 380 1492 597 1534; x_wconf 72' lang='lat' dir='ltr'><strong>lacrymarum</strong></span> <span class='ocrx_word' id='word_1_141' title='bbox 615 1492 791 1523; x_wconf 84' lang='lat' dir='ltr'><strong>emundare</strong></span> <span class='ocrx_word' id='word_1_142' title='bbox 813 1493 952 1523; x_wconf 80' lang='lat' dir='ltr'><strong>fluentis.</strong></span> <span class='ocrx_word' id='word_1_143' title='bbox 971 1492 1022 1523; x_wconf 89' lang='lat' dir='ltr'><strong>Li-</strong></span> 
     </span>
     <span class='ocr_line' id='line_1_25' title="bbox 243 1546 1023 1587; baseline -0.003 -9"><span class='ocrx_word' id='word_1_144' title='bbox 243 1549 291 1579; x_wconf 89' lang='lat' dir='ltr'><strong>cet</strong></span> <span class='ocrx_word' id='word_1_145' title='bbox 304 1547 389 1578; x_wconf 88' lang='lat' dir='ltr'><strong>enim</strong></span> <span class='ocrx_word' id='word_1_146' title='bbox 402 1547 471 1587; x_wconf 88' lang='lat' dir='ltr'><strong>jam</strong></span> <span class='ocrx_word' id='word_1_147' title='bbox 488 1547 527 1587; x_wconf 84' lang='grc' dir='ltr'><strong>(α)</strong></span> <span class='ocrx_word' id='word_1_148' title='bbox 547 1548 627 1577; x_wconf 89' lang='lat' dir='ltr'><strong>esset</strong></span> <span class='ocrx_word' id='word_1_149' title='bbox 644 1546 778 1586; x_wconf 81' lang='lat' dir='ltr'><strong>adeptus</strong></span> <span class='ocrx_word' id='word_1_150' title='bbox 793 1546 897 1577; x_wconf 86' lang='lat' dir='ltr'><strong>cordis</strong></span> <span class='ocrx_word' id='word_1_151' title='bbox 911 1549 942 1577; x_wconf 87' lang='lat' dir='ltr'><strong>ct</strong></span> <span class='ocrx_word' id='word_1_152' title='bbox 957 1555 1023 1577; x_wconf 90' lang='lat' dir='ltr'><strong>cor-</strong></span> 
     </span>
     <span class='ocr_line' id='line_1_26' title="bbox 242 1600 1023 1642; baseline -0.001 -11"><span class='ocrx_word' id='word_1_153' title='bbox 242 1601 329 1642; x_wconf 90' lang='lat' dir='ltr'><strong>poris</strong></span> <span class='ocrx_word' id='word_1_154' title='bbox 344 1601 515 1641; x_wconf 89' lang='lat' dir='ltr'><strong>puritatem</strong></span> <span class='ocrx_word' id='word_1_155' title='bbox 536 1600 727 1638; x_wconf 86' lang='lat' dir='ltr'><strong>mirabilem,</strong></span> <span class='ocrx_word' id='word_1_156' title='bbox 745 1609 809 1631; x_wconf 90' lang='lat' dir='ltr'><strong>non</strong></span> <span class='ocrx_word' id='word_1_157' title='bbox 825 1600 967 1631; x_wconf 79' lang='lat' dir='ltr'><strong>cessabat</strong></span> <span class='ocrx_word' id='word_1_158' title='bbox 981 1602 1023 1630; x_wconf 91' lang='lat' dir='ltr'><strong>ta-</strong></span> 
     </span>
     <span class='ocr_line' id='line_1_27' title="bbox 243 1653 1023 1695; baseline -0.004 -9"><span class='ocrx_word' id='word_1_159' title='bbox 243 1664 319 1686; x_wconf 86' lang='lat' dir='ltr'><strong>men</strong></span> <span class='ocrx_word' id='word_1_160' title='bbox 338 1655 555 1695; x_wconf 88' lang='lat' dir='ltr'><strong>lacrymarum</strong></span> <span class='ocrx_word' id='word_1_161' title='bbox 583 1654 740 1685; x_wconf 82' lang='lat' dir='ltr'><strong>imbribus</strong></span> <span class='ocrx_word' id='word_1_162' title='bbox 765 1654 892 1693; x_wconf 78' lang='lat' dir='ltr'><strong>jugiter</strong></span> <span class='ocrx_word' id='word_1_163' title='bbox 915 1653 1023 1684; x_wconf 86' lang='lat' dir='ltr'><strong>oculos</strong></span> 
     </span>
     <span class='ocr_line' id='line_1_28' title="bbox 243 1707 1021 1749; baseline -0.003 -10"><span class='ocrx_word' id='word_1_164' title='bbox 243 1708 372 1749; x_wconf 78' lang='lat' dir='ltr'><strong>expiare</strong></span> <span class='ocrx_word' id='word_1_165' title='bbox 403 1708 556 1741; x_wconf 81' lang='lat' dir='ltr'><strong>mentales</strong></span> <span class='ocrx_word' id='word_1_166' title='bbox 571 1733 579 1746; x_wconf 90' lang='lat'><strong>,</strong></span> <span class='ocrx_word' id='word_1_167' title='bbox 607 1717 835 1747; x_wconf 86' lang='lat' dir='ltr'><strong>corporeorum</strong></span> <span class='ocrx_word' id='word_1_168' title='bbox 862 1707 1021 1738; x_wconf 89' lang='lat' dir='ltr'><strong>luminum</strong></span> 
     </span>
     <span class='ocr_line' id='line_1_29' title="bbox 244 1761 1023 1802; baseline -0.001 -10"><span class='ocrx_word' id='word_1_169' title='bbox 244 1771 308 1792; x_wconf 90' lang='lat' dir='ltr'><strong>non</strong></span> <span class='ocrx_word' id='word_1_170' title='bbox 338 1762 544 1802; x_wconf 88' lang='lat' dir='ltr'><strong>ponderando</strong></span> <span class='ocrx_word' id='word_1_171' title='bbox 564 1763 736 1801; x_wconf 86' lang='lat' dir='ltr'><strong>jacturam.</strong></span> <span class='ocrx_word' id='word_1_172' title='bbox 763 1762 841 1792; x_wconf 87' lang='lat' dir='ltr'><strong>Cum</strong></span> <span class='ocrx_word' id='word_1_173' title='bbox 866 1761 953 1792; x_wconf 82' lang='lat' dir='ltr'><strong>enim</strong></span> <span class='ocrx_word' id='word_1_174' title='bbox 983 1770 1023 1791; x_wconf 78' lang='lat' dir='ltr'><strong>vx</strong></span> 
     </span>
     <span class='ocr_line' id='line_1_30' title="bbox 244 1815 1022 1847; baseline -0.003 0"><span class='ocrx_word' id='word_1_175' title='bbox 244 1816 395 1847; x_wconf 89' lang='lat' dir='ltr'><strong>continuo</strong></span> <span class='ocrx_word' id='word_1_176' title='bbox 421 1816 497 1847; x_wconf 89' lang='lat' dir='ltr'><strong>ssetu</strong></span> <span class='ocrx_word' id='word_1_177' title='bbox 527 1815 746 1846; x_wconf 76' lang='lat' dir='ltr'><strong>infirmitatem</strong></span> <span class='ocrx_word' id='word_1_178' title='bbox 776 1815 942 1846; x_wconf 89' lang='lat' dir='ltr'><strong>oculorum</strong></span> <span class='ocrx_word' id='word_1_179' title='bbox 973 1815 1022 1845; x_wconf 88' lang='lat' dir='ltr'><strong>in-</strong></span> 
     </span>
     <span class='ocr_line' id='line_1_31' title="bbox 244 1869 1022 1909; baseline -0.003 -8"><span class='ocrx_word' id='word_1_180' title='bbox 244 1870 395 1901; x_wconf 83' lang='lat' dir='ltr'><strong>currisset</strong></span> <span class='ocrx_word' id='word_1_181' title='bbox 410 1870 648 1909; x_wconf 79' lang='lat' dir='ltr'><strong>gravissimam,</strong></span> <span class='ocrx_word' id='word_1_182' title='bbox 665 1870 816 1901; x_wconf 85' lang='lat' dir='ltr'><strong>suadente</strong></span> <span class='ocrx_word' id='word_1_183' title='bbox 828 1870 886 1899; x_wconf 86' lang='lat' dir='ltr'><strong>sibi</strong></span> <span class='ocrx_word' id='word_1_184' title='bbox 900 1869 1022 1900; x_wconf 88' lang='lat' dir='ltr'><strong>medico</strong></span> 
     </span>
     <span class='ocr_line' id='line_1_32' title="bbox 244 1923 1025 1964; baseline -0.004 -9"><span class='ocrx_word' id='word_1_185' title='bbox 244 1924 330 1964; x_wconf 86' lang='lat' dir='ltr'><strong>quod</strong></span> <span class='ocrx_word' id='word_1_186' title='bbox 344 1924 517 1955; x_wconf 73' lang='lat' dir='ltr'><strong>abstineret</strong></span> <span class='ocrx_word' id='word_1_187' title='bbox 530 1933 547 1955; x_wconf 90' lang='lat' dir='ltr'><strong>a</strong></span> <span class='ocrx_word' id='word_1_188' title='bbox 561 1924 720 1964; x_wconf 72' lang='lat' dir='ltr'><strong>lacrymis,</strong></span> <span class='ocrx_word' id='word_1_189' title='bbox 737 1924 762 1953; x_wconf 91' lang='lat' dir='ltr'><strong>si</strong></span> <span class='ocrx_word' id='word_1_190' title='bbox 777 1923 920 1963; x_wconf 80' lang='lat' dir='ltr'><strong>corporei</strong></span> <span class='ocrx_word' id='word_1_191' title='bbox 936 1923 1025 1953; x_wconf 88' lang='lat' dir='ltr'><strong>visus</strong></span> 
     </span>
     <span class='ocr_line' id='line_1_33' title="bbox 245 1977 1023 2017; baseline -0.001 -9"><span class='ocrx_word' id='word_1_192' title='bbox 245 1978 419 2009; x_wconf 57' lang='lat' dir='ltr'><strong>caecitatem</strong></span> <span class='ocrx_word' id='word_1_193' title='bbox 444 1977 538 2009; x_wconf 84' lang='lat' dir='ltr'><strong>vellet</strong></span> <span class='ocrx_word' id='word_1_194' title='bbox 561 1978 726 2017; x_wconf 81' lang='lat' dir='ltr'><strong>ctl‘ugere,</strong></span> <span class='ocrx_word' id='word_1_195' title='bbox 743 1977 793 2007; x_wconf 90' lang='lat' dir='ltr'><strong>vir</strong></span> <span class='ocrx_word' id='word_1_196' title='bbox 808 1980 935 2007; x_wconf 83' lang='lat' dir='ltr'><strong>sanctus</strong></span> <span class='ocrx_word' id='word_1_197' title='bbox 957 1986 1023 2007; x_wconf 85' lang='lat' dir='ltr'><strong>res-</strong></span> 
     </span>
     <span class='ocr_line' id='line_1_34' title="bbox 246 2031 1024 2071; baseline 0 -10"><span class='ocrx_word' id='word_1_198' title='bbox 246 2031 357 2071; x_wconf 88' lang='lat' dir='ltr'><strong>pondit</strong></span> <span class='ocrx_word' id='word_1_199' title='bbox 373 2042 379 2062; x_wconf 89' lang='grc'>;</span> <span class='ocrx_word' id='word_1_200' title='bbox 396 2031 464 2062; x_wconf 80' lang='lat' dir='ltr'><strong>Non</strong></span> <span class='ocrx_word' id='word_1_201' title='bbox 480 2033 539 2068; x_wconf 89' lang='lat' dir='ltr'><strong>est,</strong></span> <span class='ocrx_word' id='word_1_202' title='bbox 559 2032 652 2061; x_wconf 77' lang='lat' dir='ltr'><strong>frater</strong></span> <span class='ocrx_word' id='word_1_203' title='bbox 668 2031 787 2061; x_wconf 82' lang='lat' dir='ltr'><strong>medice</strong></span> <span class='ocrx_word' id='word_1_204' title='bbox 799 2055 808 2068; x_wconf 84' lang='lat'><strong>,</strong></span> <span class='ocrx_word' id='word_1_205' title='bbox 825 2031 865 2061; x_wconf 81' lang='lat' dir='ltr'><strong>ob</strong></span> <span class='ocrx_word' id='word_1_206' title='bbox 881 2040 1024 2061; x_wconf 88' lang='lat' dir='ltr'><strong>amorem</strong></span> 
     </span>
     <span class='ocr_line' id='line_1_35' title="bbox 245 2085 1026 2125; baseline -0.001 -10"><span class='ocrx_word' id='word_1_207' title='bbox 245 2085 386 2123; x_wconf 86' lang='lat' dir='ltr'><strong>luminis,</strong></span> <span class='ocrx_word' id='word_1_208' title='bbox 405 2085 488 2125; x_wconf 87' lang='lat' dir='ltr'><strong>quod</strong></span> <span class='ocrx_word' id='word_1_209' title='bbox 504 2085 661 2115; x_wconf 82' lang='lat' dir='ltr'><strong>habemus</strong></span> <span class='ocrx_word' id='word_1_210' title='bbox 676 2094 846 2115; x_wconf 87' lang='lat' dir='ltr'><strong>commune</strong></span> <span class='ocrx_word' id='word_1_211' title='bbox 857 2094 930 2115; x_wconf 88' lang='lat' dir='ltr'><strong>cnm</strong></span> <span class='ocrx_word' id='word_1_212' title='bbox 943 2094 1026 2115; x_wconf 85' lang='lat' dir='ltr'><strong>mns-</strong></span> 
     </span>
     <span class='ocr_line' id='line_1_36' title="bbox 246 2138 1022 2178; baseline -0.001 -8"><span class='ocrx_word' id='word_1_213' title='bbox 246 2139 302 2176; x_wconf 83' lang='lat' dir='ltr'><strong>cis,</strong></span> <span class='ocrx_word' id='word_1_214' title='bbox 320 2139 457 2170; x_wconf 85' lang='lat' dir='ltr'><strong>visitatio</strong></span> <span class='ocrx_word' id='word_1_215' title='bbox 474 2139 553 2169; x_wconf 89' lang='lat' dir='ltr'><strong>lucis</strong></span> <span class='ocrx_word' id='word_1_216' title='bbox 563 2141 691 2169; x_wconf 61' lang='lat' dir='ltr'><strong>mteruae</strong></span> <span class='ocrx_word' id='word_1_217' title='bbox 702 2139 881 2178; x_wconf 83' lang='lat' dir='ltr'><strong>repellenda</strong></span> <span class='ocrx_word' id='word_1_218' title='bbox 893 2138 942 2169; x_wconf 82' lang='lat' dir='ltr'><strong>vcl</strong></span> <span class='ocrx_word' id='word_1_219' title='bbox 956 2148 1022 2169; x_wconf 90' lang='lat' dir='ltr'><strong>mo-</strong></span> 
     </span>
     <span class='ocr_line' id='line_1_37' title="bbox 246 2192 1021 2232; baseline -0.001 -10"><span class='ocrx_word' id='word_1_220' title='bbox 246 2193 351 2223; x_wconf 85' lang='lat' dir='ltr'><strong>dicum</strong></span> <span class='ocrx_word' id='word_1_221' title='bbox 370 2203 375 2222; x_wconf 93' lang='lat'>:</span> <span class='ocrx_word' id='word_1_222' title='bbox 395 2192 469 2232; x_wconf 85' lang='lat' dir='ltr'><strong>quia</strong></span> <span class='ocrx_word' id='word_1_223' title='bbox 491 2201 554 2223; x_wconf 90' lang='lat' dir='ltr'><strong>non</strong></span> <span class='ocrx_word' id='word_1_224' title='bbox 580 2192 711 2232; x_wconf 81' lang='lat' dir='ltr'><strong>spiritus</strong></span> <span class='ocrx_word' id='word_1_225' title='bbox 731 2195 858 2232; x_wconf 82' lang='lat' dir='ltr'><strong>propter</strong></span> <span class='ocrx_word' id='word_1_226' title='bbox 880 2201 1021 2230; x_wconf 61' lang='lat' dir='ltr'><strong>carnem,</strong></span> 
     </span>
     <span class='ocr_line' id='line_1_38' title="bbox 247 2247 1023 2287; baseline -0.004 -9"><span class='ocrx_word' id='word_1_227' title='bbox 247 2248 301 2278; x_wconf 84' lang='lat' dir='ltr'><strong>sed</strong></span> <span class='ocrx_word' id='word_1_228' title='bbox 326 2256 399 2277; x_wconf 86' lang='lat' dir='ltr'><strong>caro</strong></span> <span class='ocrx_word' id='word_1_229' title='bbox 424 2250 550 2287; x_wconf 81' lang='lat' dir='ltr'><strong>propter</strong></span> <span class='ocrx_word' id='word_1_230' title='bbox 572 2247 720 2287; x_wconf 81' lang='lat' dir='ltr'><strong>spiritum</strong></span> <span class='ocrx_word' id='word_1_231' title='bbox 736 2247 926 2277; x_wconf 73' lang='lat' dir='ltr'><strong>heneficium</strong></span> <span class='ocrx_word' id='word_1_232' title='bbox 944 2247 1023 2277; x_wconf 74' lang='lat' dir='ltr'><strong>lucis</strong></span> 
     </span>
     <span class='ocr_line' id='line_1_39' title="bbox 247 2300 1026 2341; baseline -0.004 -9"><span class='ocrx_word' id='word_1_233' title='bbox 247 2301 376 2341; x_wconf 82' lang='lat' dir='ltr'><strong>accepit.</strong></span> <span class='ocrx_word' id='word_1_234' title='bbox 407 2300 541 2331; x_wconf 69' lang='lat' dir='ltr'><strong>Malcliat</strong></span> <span class='ocrx_word' id='word_1_235' title='bbox 562 2300 718 2340; x_wconf 78' lang='lat' dir='ltr'><strong>siquidem</strong></span> <span class='ocrx_word' id='word_1_236' title='bbox 742 2301 913 2340; x_wconf 79' lang='lat' dir='ltr'><strong>corporalis</strong></span> <span class='ocrx_word' id='word_1_237' title='bbox 939 2301 1026 2331; x_wconf 75' lang='lat' dir='ltr'><strong>visus</strong></span> 
     </span>
     <span class='ocr_line' id='line_1_40' title="bbox 247 2354 1025 2394; baseline -0.003 -9"><span class='ocrx_word' id='word_1_238' title='bbox 247 2355 356 2386; x_wconf 90' lang='lat' dir='ltr'><strong>lumen</strong></span> <span class='ocrx_word' id='word_1_239' title='bbox 389 2354 552 2391; x_wconf 79' lang='lat' dir='ltr'><strong>amittere,</strong></span> <span class='ocrx_word' id='word_1_240' title='bbox 576 2363 672 2393; x_wconf 83' lang='lat' dir='ltr'><strong>quam</strong></span> <span class='ocrx_word' id='word_1_241' title='bbox 705 2354 861 2394; x_wconf 82' lang='lat' dir='ltr'><strong>lacrymas</strong></span> <span class='ocrx_word' id='word_1_242' title='bbox 874 2379 881 2392; x_wconf 70' lang='lat'><strong>,</strong></span> <span class='ocrx_word' id='word_1_243' title='bbox 908 2355 1025 2394; x_wconf 79' lang='lat' dir='ltr'><strong>quibus</strong></span> 
     </span>
     <span class='ocr_line' id='line_1_41' title="bbox 248 2407 1025 2445; baseline -0.001 -6"><span class='ocrx_word' id='word_1_244' title='bbox 248 2408 360 2439; x_wconf 89' lang='lat' dir='ltr'><strong>oculus</strong></span> <span class='ocrx_word' id='word_1_245' title='bbox 383 2407 557 2438; x_wconf 85' lang='lat' dir='ltr'><strong>mundatur</strong></span> <span class='ocrx_word' id='word_1_246' title='bbox 582 2408 731 2445; x_wconf 82' lang='lat' dir='ltr'><strong>interior,</strong></span> <span class='ocrx_word' id='word_1_247' title='bbox 748 2411 781 2439; x_wconf 87' lang='lat' dir='ltr'><strong>ut</strong></span> <span class='ocrx_word' id='word_1_248' title='bbox 803 2409 900 2439; x_wconf 70' lang='lat' dir='ltr'><strong>licum</strong></span> <span class='ocrx_word' id='word_1_249' title='bbox 920 2409 1025 2439; x_wconf 74' lang='lat' dir='ltr'><strong>videre</strong></span> 
     </span>
     <span class='ocr_line' id='line_1_42' title="bbox 250 2461 1024 2503; baseline 0 -10"><span class='ocrx_word' id='word_1_250' title='bbox 250 2463 352 2493; x_wconf 80' lang='lat' dir='ltr'><strong>valcat</strong></span> <span class='ocrx_word' id='word_1_251' title='bbox 365 2463 384 2500; x_wconf 87' lang='lat'><strong>¹,</strong></span> <span class='ocrx_word' id='word_1_252' title='bbox 403 2470 546 2502; x_wconf 83' lang='lat' dir='ltr'><strong>repressa</strong></span> <span class='ocrx_word' id='word_1_253' title='bbox 570 2461 735 2491; x_wconf 78' lang='lat' dir='ltr'><strong>devotione</strong></span> <span class='ocrx_word' id='word_1_254' title='bbox 758 2463 904 2502; x_wconf 81' lang='lat' dir='ltr'><strong>spiritus,</strong></span> <span class='ocrx_word' id='word_1_255' title='bbox 924 2464 1024 2503; x_wconf 82' lang='lat' dir='ltr'><strong>impe-</strong></span> 
     </span>
     <span class='ocr_line' id='line_1_43' title="bbox 249 2515 1026 2548; baseline 0.001 -2"><span class='ocrx_word' id='word_1_256' title='bbox 249 2516 329 2546; x_wconf 88' lang='lat' dir='ltr'><strong>dire.</strong></span> <span class='ocrx_word' id='word_1_257' title='bbox 352 2516 429 2547; x_wconf 84' lang='lat' dir='ltr'><strong>Cum</strong></span> <span class='ocrx_word' id='word_1_258' title='bbox 446 2518 553 2546; x_wconf 85' lang='lat' dir='ltr'><strong>autem</strong></span> <span class='ocrx_word' id='word_1_259' title='bbox 570 2516 666 2546; x_wconf 85' lang='lat' dir='ltr'><strong>semel</strong></span> <span class='ocrx_word' id='word_1_260' title='bbox 683 2515 812 2547; x_wconf 76' lang='lat' dir='ltr'><strong>daretur</strong></span> <span class='ocrx_word' id='word_1_261' title='bbox 826 2517 992 2547; x_wconf 71' lang='lat' dir='ltr'><strong>consilium</strong></span> <span class='ocrx_word' id='word_1_262' title='bbox 1009 2527 1026 2548; x_wconf 89' lang='lat' dir='ltr'><strong>a</strong></span> 
     </span>
     <span class='ocr_line' id='line_1_44' title="bbox 250 2570 1024 2609; baseline -0.001 -9"><span class='ocrx_word' id='word_1_263' title='bbox 250 2570 389 2607; x_wconf 66' lang='lat' dir='ltr'><strong>medicis,</strong></span> <span class='ocrx_word' id='word_1_264' title='bbox 407 2572 437 2600; x_wconf 84' lang='lat' dir='ltr'><strong>et</strong></span> <span class='ocrx_word' id='word_1_265' title='bbox 453 2570 606 2600; x_wconf 77' lang='lat' dir='ltr'><strong>instanter</strong></span> <span class='ocrx_word' id='word_1_266' title='bbox 626 2570 813 2600; x_wconf 68' lang='lat' dir='ltr'><strong>suaderetur</strong></span> <span class='ocrx_word' id='word_1_267' title='bbox 828 2581 845 2601; x_wconf 88' lang='lat' dir='ltr'><strong>a</strong></span> <span class='ocrx_word' id='word_1_268' title='bbox 862 2571 1024 2609; x_wconf 73' lang='lat' dir='ltr'><strong>tratribus,</strong></span> 
     </span>
     <span class='ocr_line' id='line_1_45' title="bbox 250 2623 1027 2663; baseline 0 -9"><span class='ocrx_word' id='word_1_269' title='bbox 250 2626 285 2654; x_wconf 88' lang='lat' dir='ltr'><strong>ut.</strong></span> <span class='ocrx_word' id='word_1_270' title='bbox 310 2626 471 2663; x_wconf 78' lang='lat' dir='ltr'><strong>pateretur</strong></span> <span class='ocrx_word' id='word_1_271' title='bbox 495 2623 554 2653; x_wconf 85' lang='lat' dir='ltr'><strong>sibi</strong></span> <span class='ocrx_word' id='word_1_272' title='bbox 577 2632 633 2663; x_wconf 77' lang='lat' dir='ltr'><strong>per</strong></span> <span class='ocrx_word' id='word_1_273' title='bbox 656 2624 833 2655; x_wconf 84' lang='lat' dir='ltr'><strong>remedium</strong></span> <span class='ocrx_word' id='word_1_274' title='bbox 863 2625 1027 2655; x_wconf 75' lang='lat' dir='ltr'><strong>subveniri</strong></span> 
     </span>
     <span class='ocr_line' id='line_1_46' title="bbox 251 2677 1027 2719; baseline 0 -10"><span class='ocrx_word' id='word_1_275' title='bbox 251 2681 400 2715; x_wconf 68' lang='lat' dir='ltr'><strong>coeturae,</strong></span> <span class='ocrx_word' id='word_1_276' title='bbox 420 2677 582 2708; x_wconf 81' lang='lat' dir='ltr'><strong>humiliter</strong></span> <span class='ocrx_word' id='word_1_277' title='bbox 598 2677 647 2708; x_wconf 88' lang='lat' dir='ltr'><strong>vir</strong></span> <span class='ocrx_word' id='word_1_278' title='bbox 664 2677 713 2708; x_wconf 88' lang='lat' dir='ltr'><strong>Dei</strong></span> <span class='ocrx_word' id='word_1_279' title='bbox 731 2678 874 2716; x_wconf 87' lang='lat' dir='ltr'><strong>assensit,</strong></span> <span class='ocrx_word' id='word_1_280' title='bbox 890 2679 967 2719; x_wconf 78' lang='lat' dir='ltr'><strong>quia</strong></span> <span class='ocrx_word' id='word_1_281' title='bbox 981 2688 1027 2709; x_wconf 87' lang='lat' dir='ltr'><strong>sa-</strong></span> 
     </span>
    </p>
   </div>
   <div class='ocr_carea' id='block_1_3' title="bbox 287 2741 766 2771">
    <p class='ocr_par' dir='ltr' id='par_1_3' title="bbox 287 2741 766 2771">
     <span class='ocr_line' id='line_1_47' title="bbox 287 2741 766 2771; baseline 0 -7"><span class='ocrx_word' id='word_1_282' title='bbox 287 2743 291 2755; x_wconf 67' lang='lat' dir='ltr'><strong>l</strong></span> <span class='ocrx_word' id='word_1_283' title='bbox 313 2741 412 2771; x_wconf 61' lang='lat' dir='ltr'><strong>Altam,</strong></span> <span class='ocrx_word' id='word_1_284' title='bbox 429 2747 451 2769; x_wconf 60' lang='grc' dir='ltr'><strong>κ’,</strong></span> <span class='ocrx_word' id='word_1_285' title='bbox 468 2744 491 2764; x_wconf 61' lang='grc' dir='ltr'><strong>ὃ,</strong></span> <span class='ocrx_word' id='word_1_286' title='bbox 508 2754 535 2757; x_wconf 93' lang='grc'>-</span> <span class='ocrx_word' id='word_1_287' title='bbox 552 2741 561 2756; x_wconf 73' lang='lat'><em>²</em></span> <span class='ocrx_word' id='word_1_288' title='bbox 576 2741 644 2770; x_wconf 53' lang='lat' dir='ltr'><strong>Nalm,</strong></span> <span class='ocrx_word' id='word_1_289' title='bbox 661 2746 712 2771; x_wconf 60' lang='lat' dir='ltr'><strong>xxi,</strong></span> <span class='ocrx_word' id='word_1_290' title='bbox 730 2741 766 2764; x_wconf 70' lang='lat'><strong>2}-</strong></span> 
     </span>
    </p>
   </div>
   <div class='ocr_carea' id='block_1_4' title="bbox 805 239 1290 275">
    <p class='ocr_par' dir='ltr' id='par_1_4' title="bbox 805 239 1290 275">
     <span class='ocr_line' id='line_1_48' title="bbox 805 239 1290 275; baseline 0.004 -3"><span class='ocrx_word' id='word_1_291' title='bbox 805 239 994 273; x_wconf 83' lang='lat' dir='ltr'><strong>LEGENDA</strong></span> <span class='ocrx_word' id='word_1_292' title='bbox 1014 241 1048 273; x_wconf 93' lang='lat' dir='ltr'><strong>S.</strong></span> <span class='ocrx_word' id='word_1_293' title='bbox 1069 240 1290 275; x_wconf 83' lang='lat' dir='ltr'>FRANCISCI.</span> 
     </span>
    </p>
   </div>
   <div class='ocr_carea' id='block_1_5' title="bbox 1070 306 1864 2714">
    <p class='ocr_par' dir='ltr' id='par_1_5' title="bbox 1070 306 1864 2714">
     <span class='ocr_line' id='line_1_49' title="bbox 1073 306 1854 353; baseline 0.009 -12"><span class='ocrx_word' id='word_1_294' title='bbox 1073 309 1238 342; x_wconf 79' lang='lat' dir='ltr'><strong>lutiferum</strong></span> <span class='ocrx_word' id='word_1_295' title='bbox 1259 310 1321 342; x_wconf 86' lang='lat' dir='ltr'><strong>hoc</strong></span> <span class='ocrx_word' id='word_1_296' title='bbox 1339 310 1436 343; x_wconf 90' lang='lat' dir='ltr'><strong>simul</strong></span> <span class='ocrx_word' id='word_1_297' title='bbox 1449 313 1482 343; x_wconf 91' lang='lat' dir='ltr'><strong>et</strong></span> <span class='ocrx_word' id='word_1_298' title='bbox 1494 320 1646 353; x_wconf 85' lang='lat' dir='ltr'><strong>asperum</strong></span> <span class='ocrx_word' id='word_1_299' title='bbox 1661 321 1729 345; x_wconf 78' lang='lat' dir='ltr'><strong>esse</strong></span> <span class='ocrx_word' id='word_1_300' title='bbox 1742 306 1854 348; x_wconf 70' lang='lat' dir='ltr'><strong>eerne-</strong></span> 
     </span>
     <span class='ocr_line' id='line_1_50' title="bbox 1073 362 1855 407; baseline 0.009 -13"><span class='ocrx_word' id='word_1_301' title='bbox 1073 362 1139 395; x_wconf 81' lang='lat' dir='ltr'><strong>hat.</strong></span> <span class='ocrx_word' id='word_1_302' title='bbox 1157 362 1292 396; x_wconf 84' lang='lat' dir='ltr'><strong>Vocatus</strong></span> <span class='ocrx_word' id='word_1_303' title='bbox 1311 364 1420 406; x_wconf 81' lang='lat' dir='ltr'><strong>itaque</strong></span> <span class='ocrx_word' id='word_1_304' title='bbox 1434 366 1524 397; x_wconf 88' lang='lat' dir='ltr'><strong>venit</strong></span> <span class='ocrx_word' id='word_1_305' title='bbox 1537 366 1728 407; x_wconf 82' lang='lat' dir='ltr'><strong>chirurgus,</strong></span> <span class='ocrx_word' id='word_1_306' title='bbox 1737 367 1855 402; x_wconf 85' lang='lat' dir='ltr'><strong>instru-</strong></span> 
     </span>
     <span class='ocr_line' id='line_1_51' title="bbox 1074 418 1856 460; baseline 0.009 -12"><span class='ocrx_word' id='word_1_307' title='bbox 1074 419 1221 450; x_wconf 87' lang='lat' dir='ltr'><strong>mentum</strong></span> <span class='ocrx_word' id='word_1_308' title='bbox 1235 418 1376 450; x_wconf 83' lang='lat' dir='ltr'><strong>ferreum</strong></span> <span class='ocrx_word' id='word_1_309' title='bbox 1389 419 1457 460; x_wconf 85' lang='lat' dir='ltr'><strong>igni</strong></span> <span class='ocrx_word' id='word_1_310' title='bbox 1473 420 1664 452; x_wconf 90' lang='lat' dir='ltr'><strong>submittens</strong></span> <span class='ocrx_word' id='word_1_311' title='bbox 1681 421 1722 453; x_wconf 87' lang='lat' dir='ltr'><strong>ad</strong></span> <span class='ocrx_word' id='word_1_312' title='bbox 1734 421 1856 455; x_wconf 87' lang='lat' dir='ltr'><strong>facien-</strong></span> 
     </span>
     <span class='ocr_line' id='line_1_52' title="bbox 1073 470 1858 517; baseline 0.008 -15"><span class='ocrx_word' id='word_1_313' title='bbox 1073 470 1153 502; x_wconf 91' lang='lat' dir='ltr'><strong>dum</strong></span> <span class='ocrx_word' id='word_1_314' title='bbox 1180 472 1354 503; x_wconf 89' lang='lat' dir='ltr'><strong>cocturam.</strong></span> <span class='ocrx_word' id='word_1_315' title='bbox 1384 472 1428 504; x_wconf 83' lang='lat' dir='ltr'><strong>At</strong></span> <span class='ocrx_word' id='word_1_316' title='bbox 1453 473 1572 505; x_wconf 84' lang='lat' dir='ltr'><strong>Christi</strong></span> <span class='ocrx_word' id='word_1_317' title='bbox 1599 482 1714 506; x_wconf 89' lang='lat' dir='ltr'><strong>servus</strong></span> <span class='ocrx_word' id='word_1_318' title='bbox 1738 484 1858 517; x_wconf 87' lang='lat' dir='ltr'><strong>corpus</strong></span> 
     </span>
     <span class='ocr_line' id='line_1_53' title="bbox 1070 525 1858 565; baseline 0.009 -10"><span class='ocrx_word' id='word_1_319' title='bbox 1070 526 1140 565; x_wconf 88' lang='lat' dir='ltr'><strong>jam</strong></span> <span class='ocrx_word' id='word_1_320' title='bbox 1145 525 1279 557; x_wconf 85' lang='lat' dir='ltr'><strong>horrore</strong></span> <span class='ocrx_word' id='word_1_321' title='bbox 1291 534 1484 558; x_wconf 88' lang='lat' dir='ltr'><strong>concussum</strong></span> <span class='ocrx_word' id='word_1_322' title='bbox 1494 527 1676 559; x_wconf 78' lang='lat' dir='ltr'><strong>confortans</strong></span> <span class='ocrx_word' id='word_1_323' title='bbox 1687 528 1769 561; x_wconf 86' lang='lat' dir='ltr'><strong>sicut</strong></span> <span class='ocrx_word' id='word_1_324' title='bbox 1777 530 1858 562; x_wconf 86' lang='lat' dir='ltr'><strong>ami-</strong></span> 
     </span>
     <span class='ocr_line' id='line_1_54' title="bbox 1075 579 1857 621; baseline 0.009 -12"><span class='ocrx_word' id='word_1_325' title='bbox 1075 587 1161 616; x_wconf 91' lang='lat' dir='ltr'><strong>cum,</strong></span> <span class='ocrx_word' id='word_1_326' title='bbox 1179 579 1274 619; x_wconf 85' lang='lat' dir='ltr'><strong>coepit</strong></span> <span class='ocrx_word' id='word_1_327' title='bbox 1285 579 1397 619; x_wconf 81' lang='lat' dir='ltr'><strong>iguem</strong></span> <span class='ocrx_word' id='word_1_328' title='bbox 1406 579 1544 621; x_wconf 83' lang='lat' dir='ltr'><strong>alloqui,</strong></span> <span class='ocrx_word' id='word_1_329' title='bbox 1558 580 1685 614; x_wconf 88' lang='lat' dir='ltr'><strong>dicens:</strong></span> <span class='ocrx_word' id='word_1_330' title='bbox 1701 581 1745 614; x_wconf 91' lang='lat' dir='ltr'><strong>Mi</strong></span> <span class='ocrx_word' id='word_1_331' title='bbox 1758 583 1857 616; x_wconf 77' lang='lat' dir='ltr'><strong>frater</strong></span> 
     </span>
     <span class='ocr_line' id='line_1_55' title="bbox 1074 631 1856 678; baseline 0.01 -16"><span class='ocrx_word' id='word_1_332' title='bbox 1074 631 1160 672; x_wconf 85' lang='lat' dir='ltr'><strong>ignis</strong></span> <span class='ocrx_word' id='word_1_333' title='bbox 1170 655 1179 671; x_wconf 90' lang='lat'>‚</span> <span class='ocrx_word' id='word_1_334' title='bbox 1194 641 1263 672; x_wconf 86' lang='lat' dir='ltr'><strong>prae</strong></span> <span class='ocrx_word' id='word_1_335' title='bbox 1275 633 1400 664; x_wconf 67' lang='lat' dir='ltr'><strong>caeteris</strong></span> <span class='ocrx_word' id='word_1_336' title='bbox 1418 633 1514 665; x_wconf 89' lang='lat' dir='ltr'><strong>rebus</strong></span> <span class='ocrx_word' id='word_1_337' title='bbox 1528 634 1703 667; x_wconf 63' lang='lat' dir='ltr'><strong>aemulandi</strong></span> <span class='ocrx_word' id='word_1_338' title='bbox 1720 636 1856 678; x_wconf 87' lang='lat' dir='ltr'><strong>decoris,</strong></span> 
     </span>
     <span class='ocr_line' id='line_1_56' title="bbox 1073 685 1858 727; baseline 0.008 -9"><span class='ocrx_word' id='word_1_339' title='bbox 1073 685 1254 718; x_wconf 90' lang='lat' dir='ltr'><strong>virtuosum</strong></span> <span class='ocrx_word' id='word_1_340' title='bbox 1267 710 1276 725; x_wconf 87' lang='lat'>‚</span> <span class='ocrx_word' id='word_1_341' title='bbox 1301 686 1474 727; x_wconf 89' lang='lat' dir='ltr'><strong>pulchrum</strong></span> <span class='ocrx_word' id='word_1_342' title='bbox 1495 689 1528 719; x_wconf 87' lang='lat' dir='ltr'><strong>et</strong></span> <span class='ocrx_word' id='word_1_343' title='bbox 1549 687 1663 720; x_wconf 89' lang='lat' dir='ltr'><strong>utilem</strong></span> <span class='ocrx_word' id='word_1_344' title='bbox 1685 691 1716 721; x_wconf 91' lang='lat' dir='ltr'><strong>te</strong></span> <span class='ocrx_word' id='word_1_345' title='bbox 1737 691 1858 724; x_wconf 89' lang='lat' dir='ltr'><strong>creavit</strong></span> 
     </span>
     <span class='ocr_line' id='line_1_57' title="bbox 1074 738 1856 784; baseline 0.009 -15"><span class='ocrx_word' id='word_1_346' title='bbox 1074 738 1269 770; x_wconf 88' lang='lat' dir='ltr'><strong>Altissimus.</strong></span> <span class='ocrx_word' id='word_1_347' title='bbox 1296 739 1370 771; x_wconf 88' lang='lat' dir='ltr'><strong>Esto</strong></span> <span class='ocrx_word' id='word_1_348' title='bbox 1397 740 1475 771; x_wconf 90' lang='lat' dir='ltr'><strong>mihi</strong></span> <span class='ocrx_word' id='word_1_349' title='bbox 1497 740 1559 772; x_wconf 88' lang='lat' dir='ltr'><strong>hac</strong></span> <span class='ocrx_word' id='word_1_350' title='bbox 1583 741 1663 773; x_wconf 82' lang='lat' dir='ltr'><strong>hora</strong></span> <span class='ocrx_word' id='word_1_351' title='bbox 1686 743 1856 784; x_wconf 82' lang='lat' dir='ltr'><strong>propitius,</strong></span> 
     </span>
     <span class='ocr_line' id='line_1_58' title="bbox 1075 793 1856 838; baseline 0.009 -15"><span class='ocrx_word' id='word_1_352' title='bbox 1075 795 1143 825; x_wconf 90' lang='lat' dir='ltr'><strong>esto</strong></span> <span class='ocrx_word' id='word_1_353' title='bbox 1166 793 1306 825; x_wconf 77' lang='lat' dir='ltr'><strong>curialis.</strong></span> <span class='ocrx_word' id='word_1_354' title='bbox 1336 793 1452 826; x_wconf 90' lang='lat' dir='ltr'><strong>Precor</strong></span> <span class='ocrx_word' id='word_1_355' title='bbox 1477 804 1634 835; x_wconf 84' lang='lat' dir='ltr'><strong>magnum</strong></span> <span class='ocrx_word' id='word_1_356' title='bbox 1661 796 1856 838; x_wconf 90' lang='lat' dir='ltr'><strong>Dominum,</strong></span> 
     </span>
     <span class='ocr_line' id='line_1_59' title="bbox 1074 847 1856 888; baseline 0.008 -11"><span class='ocrx_word' id='word_1_357' title='bbox 1074 847 1131 888; x_wconf 87' lang='lat' dir='ltr'><strong>qui</strong></span> <span class='ocrx_word' id='word_1_358' title='bbox 1162 849 1191 878; x_wconf 91' lang='lat' dir='ltr'><strong>te</strong></span> <span class='ocrx_word' id='word_1_359' title='bbox 1229 847 1349 879; x_wconf 88' lang='lat' dir='ltr'><strong>creavit</strong></span> <span class='ocrx_word' id='word_1_360' title='bbox 1365 871 1375 886; x_wconf 92' lang='lat'>‚</span> <span class='ocrx_word' id='word_1_361' title='bbox 1404 850 1442 879; x_wconf 93' lang='lat' dir='ltr'><strong>ut</strong></span> <span class='ocrx_word' id='word_1_362' title='bbox 1468 850 1562 880; x_wconf 91' lang='lat' dir='ltr'><strong>tuum</strong></span> <span class='ocrx_word' id='word_1_363' title='bbox 1598 849 1681 881; x_wconf 89' lang='lat' dir='ltr'><strong>mihi</strong></span> <span class='ocrx_word' id='word_1_364' title='bbox 1719 851 1856 883; x_wconf 90' lang='lat' dir='ltr'><strong>calorem</strong></span> 
     </span>
     <span class='ocr_line' id='line_1_60' title="bbox 1074 902 1857 942; baseline 0.006 -10"><span class='ocrx_word' id='word_1_365' title='bbox 1074 903 1249 942; x_wconf 81' lang='lat' dir='ltr'><strong>temperet,</strong></span> <span class='ocrx_word' id='word_1_366' title='bbox 1279 910 1344 942; x_wconf 86' lang='lat' dir='ltr'><strong>quo</strong></span> <span class='ocrx_word' id='word_1_367' title='bbox 1367 902 1509 934; x_wconf 88' lang='lat' dir='ltr'><strong>suaviter</strong></span> <span class='ocrx_word' id='word_1_368' title='bbox 1540 905 1689 935; x_wconf 89' lang='lat' dir='ltr'><strong>urentem</strong></span> <span class='ocrx_word' id='word_1_369' title='bbox 1731 904 1857 937; x_wconf 84' lang='lat' dir='ltr'><strong>valeam</strong></span> 
     </span>
     <span class='ocr_line' id='line_1_61' title="bbox 1075 955 1855 998; baseline 0.005 -11"><span class='ocrx_word' id='word_1_370' title='bbox 1075 955 1242 987; x_wconf 87' lang='lat' dir='ltr'><strong>sustinere.</strong></span> <span class='ocrx_word' id='word_1_371' title='bbox 1267 955 1417 987; x_wconf 90' lang='lat' dir='ltr'><strong>Oratione</strong></span> <span class='ocrx_word' id='word_1_372' title='bbox 1442 955 1544 995; x_wconf 84' lang='lat' dir='ltr'><strong>finita,</strong></span> <span class='ocrx_word' id='word_1_373' title='bbox 1562 958 1673 988; x_wconf 85' lang='lat' dir='ltr'><strong>contra</strong></span> <span class='ocrx_word' id='word_1_374' title='bbox 1688 957 1765 998; x_wconf 82' lang='lat' dir='ltr'><strong>igne</strong></span> <span class='ocrx_word' id='word_1_375' title='bbox 1780 968 1855 991; x_wconf 80' lang='lat' dir='ltr'><strong>can-</strong></span> 
     </span>
     <span class='ocr_line' id='line_1_62' title="bbox 1074 1009 1858 1051; baseline 0.005 -11"><span class='ocrx_word' id='word_1_376' title='bbox 1074 1009 1204 1040; x_wconf 85' lang='lat' dir='ltr'><strong>descens</strong></span> <span class='ocrx_word' id='word_1_377' title='bbox 1213 1009 1352 1040; x_wconf 76' lang='lat' dir='ltr'><strong>terreum</strong></span> <span class='ocrx_word' id='word_1_378' title='bbox 1373 1009 1623 1042; x_wconf 88' lang='lat' dir='ltr'><strong>instrumentum</strong></span> <span class='ocrx_word' id='word_1_379' title='bbox 1639 1011 1772 1051; x_wconf 85' lang='lat' dir='ltr'><strong>signum</strong></span> <span class='ocrx_word' id='word_1_380' title='bbox 1788 1021 1858 1044; x_wconf 91' lang='lat' dir='ltr'><strong>cru-</strong></span> 
     </span>
     <span class='ocr_line' id='line_1_63' title="bbox 1075 1063 1854 1105; baseline 0.005 -11"><span class='ocrx_word' id='word_1_381' title='bbox 1075 1063 1120 1094; x_wconf 93' lang='lat' dir='ltr'><strong>cis</strong></span> <span class='ocrx_word' id='word_1_382' title='bbox 1142 1063 1258 1101; x_wconf 87' lang='lat' dir='ltr'><strong>edidit;</strong></span> <span class='ocrx_word' id='word_1_383' title='bbox 1284 1063 1433 1103; x_wconf 88' lang='lat' dir='ltr'><strong>deinceps</strong></span> <span class='ocrx_word' id='word_1_384' title='bbox 1451 1063 1630 1104; x_wconf 83' lang='lat' dir='ltr'><strong>intrepidus</strong></span> <span class='ocrx_word' id='word_1_385' title='bbox 1655 1065 1854 1105; x_wconf 86' lang='lat' dir='ltr'><strong>persistebat.</strong></span> 
     </span>
     <span class='ocr_line' id='line_1_64' title="bbox 1076 1116 1857 1157; baseline 0.004 -9"><span class='ocrx_word' id='word_1_386' title='bbox 1076 1116 1307 1148; x_wconf 81' lang='lat' dir='ltr'><strong>Prorundatum</strong></span> <span class='ocrx_word' id='word_1_387' title='bbox 1321 1120 1368 1148; x_wconf 88' lang='lat' dir='ltr'><strong>est</strong></span> <span class='ocrx_word' id='word_1_388' title='bbox 1383 1117 1540 1157; x_wconf 82' lang='lat' dir='ltr'><strong>crepitans</strong></span> <span class='ocrx_word' id='word_1_389' title='bbox 1555 1117 1678 1149; x_wconf 86' lang='lat' dir='ltr'><strong>ferrum</strong></span> <span class='ocrx_word' id='word_1_390' title='bbox 1694 1118 1728 1150; x_wconf 92' lang='lat' dir='ltr'><strong>in</strong></span> <span class='ocrx_word' id='word_1_391' title='bbox 1746 1121 1857 1151; x_wconf 87' lang='lat' dir='ltr'><strong>tenera</strong></span> 
     </span>
     <span class='ocr_line' id='line_1_65' title="bbox 1076 1171 1858 1213; baseline 0.005 -11"><span class='ocrx_word' id='word_1_392' title='bbox 1076 1180 1189 1208; x_wconf 81' lang='lat' dir='ltr'><strong>carne,</strong></span> <span class='ocrx_word' id='word_1_393' title='bbox 1206 1173 1237 1202; x_wconf 90' lang='lat' dir='ltr'><strong>et</strong></span> <span class='ocrx_word' id='word_1_394' title='bbox 1252 1171 1292 1202; x_wconf 90' lang='lat' dir='ltr'><strong>ab</strong></span> <span class='ocrx_word' id='word_1_395' title='bbox 1308 1180 1386 1202; x_wconf 89' lang='lat' dir='ltr'><strong>aure</strong></span> <span class='ocrx_word' id='word_1_396' title='bbox 1401 1180 1503 1212; x_wconf 88' lang='lat' dir='ltr'><strong>usque</strong></span> <span class='ocrx_word' id='word_1_397' title='bbox 1523 1172 1562 1203; x_wconf 83' lang='lat' dir='ltr'><strong>ad</strong></span> <span class='ocrx_word' id='word_1_398' title='bbox 1585 1173 1790 1213; x_wconf 88' lang='lat' dir='ltr'><strong>supercilium</strong></span> <span class='ocrx_word' id='word_1_399' title='bbox 1807 1183 1858 1206; x_wconf 89' lang='lat' dir='ltr'><strong>co-</strong></span> 
     </span>
     <span class='ocr_line' id='line_1_66' title="bbox 1076 1226 1859 1267; baseline 0.005 -12"><span class='ocrx_word' id='word_1_400' title='bbox 1076 1227 1167 1255; x_wconf 90' lang='lat' dir='ltr'><strong>ctura</strong></span> <span class='ocrx_word' id='word_1_401' title='bbox 1186 1226 1355 1265; x_wconf 87' lang='lat' dir='ltr'><strong>protracta.</strong></span> <span class='ocrx_word' id='word_1_402' title='bbox 1373 1226 1534 1263; x_wconf 83' lang='lat' dir='ltr'><strong>Quantum</strong></span> <span class='ocrx_word' id='word_1_403' title='bbox 1555 1227 1750 1266; x_wconf 86' lang='lat' dir='ltr'><strong>irrogaverit</strong></span> <span class='ocrx_word' id='word_1_404' title='bbox 1769 1227 1859 1267; x_wconf 84' lang='lat' dir='ltr'><strong>ignis</strong></span> 
     </span>
     <span class='ocr_line' id='line_1_67' title="bbox 1076 1278 1856 1321; baseline 0.006 -13"><span class='ocrx_word' id='word_1_405' title='bbox 1076 1278 1129 1309; x_wconf 87' lang='lat' dir='ltr'><strong>ille</strong></span> <span class='ocrx_word' id='word_1_406' title='bbox 1141 1278 1295 1316; x_wconf 88' lang='lat' dir='ltr'><strong>dolorem,</strong></span> <span class='ocrx_word' id='word_1_407' title='bbox 1313 1279 1362 1310; x_wconf 87' lang='lat' dir='ltr'><strong>vir</strong></span> <span class='ocrx_word' id='word_1_408' title='bbox 1377 1279 1442 1320; x_wconf 90' lang='lat' dir='ltr'><strong>ipse</strong></span> <span class='ocrx_word' id='word_1_409' title='bbox 1453 1282 1580 1311; x_wconf 84' lang='lat' dir='ltr'><strong>sanctus</strong></span> <span class='ocrx_word' id='word_1_410' title='bbox 1591 1281 1758 1321; x_wconf 84' lang='lat' dir='ltr'><strong>expressit.</strong></span> <span class='ocrx_word' id='word_1_411' title='bbox 1773 1281 1856 1313; x_wconf 86' lang='lat' dir='ltr'><strong>Lau-</strong></span> 
     </span>
     <span class='ocr_line' id='line_1_68' title="bbox 1077 1332 1856 1376; baseline 0.005 -14"><span class='ocrx_word' id='word_1_412' title='bbox 1077 1332 1167 1370; x_wconf 91' lang='lat' dir='ltr'><strong>date,</strong></span> <span class='ocrx_word' id='word_1_413' title='bbox 1194 1332 1299 1373; x_wconf 88' lang='lat' dir='ltr'><strong>inquit</strong></span> <span class='ocrx_word' id='word_1_414' title='bbox 1321 1333 1359 1363; x_wconf 89' lang='lat' dir='ltr'><strong>ad</strong></span> <span class='ocrx_word' id='word_1_415' title='bbox 1385 1334 1514 1372; x_wconf 82' lang='lat' dir='ltr'><strong>fratres,</strong></span> <span class='ocrx_word' id='word_1_416' title='bbox 1532 1333 1856 1376; x_wconf 79' lang='lat' dir='ltr'><strong>Altissimumtquia,</strong></span> 
     </span>
     <span class='ocr_line' id='line_1_69' title="bbox 1078 1386 1857 1427; baseline 0.003 -10"><span class='ocrx_word' id='word_1_417' title='bbox 1078 1395 1153 1417; x_wconf 89' lang='lat' dir='ltr'><strong>vere</strong></span> <span class='ocrx_word' id='word_1_418' title='bbox 1175 1386 1247 1417; x_wconf 89' lang='lat' dir='ltr'><strong>dico</strong></span> <span class='ocrx_word' id='word_1_419' title='bbox 1269 1386 1380 1424; x_wconf 90' lang='lat' dir='ltr'><strong>vobis,</strong></span> <span class='ocrx_word' id='word_1_420' title='bbox 1397 1396 1455 1418; x_wconf 85' lang='lat' dir='ltr'><strong>nec</strong></span> <span class='ocrx_word' id='word_1_421' title='bbox 1477 1387 1562 1426; x_wconf 82' lang='lat' dir='ltr'><strong>ignis</strong></span> <span class='ocrx_word' id='word_1_422' title='bbox 1591 1387 1739 1419; x_wconf 87' lang='lat' dir='ltr'><strong>ardorem</strong></span> <span class='ocrx_word' id='word_1_423' title='bbox 1760 1388 1857 1427; x_wconf 90' lang='lat' dir='ltr'><strong>sensi,</strong></span> 
     </span>
     <span class='ocr_line' id='line_1_70' title="bbox 1078 1439 1859 1473; baseline 0.004 -4"><span class='ocrx_word' id='word_1_424' title='bbox 1078 1448 1137 1470; x_wconf 87' lang='lat' dir='ltr'><strong>nec</strong></span> <span class='ocrx_word' id='word_1_425' title='bbox 1161 1439 1265 1470; x_wconf 84' lang='lat' dir='ltr'><strong>carnis</strong></span> <span class='ocrx_word' id='word_1_426' title='bbox 1284 1439 1387 1471; x_wconf 90' lang='lat' dir='ltr'><strong>ullum</strong></span> <span class='ocrx_word' id='word_1_427' title='bbox 1410 1440 1564 1472; x_wconf 88' lang='lat' dir='ltr'><strong>dolorem.</strong></span> <span class='ocrx_word' id='word_1_428' title='bbox 1579 1440 1618 1472; x_wconf 88' lang='lat' dir='ltr'><strong>Et</strong></span> <span class='ocrx_word' id='word_1_429' title='bbox 1633 1450 1806 1472; x_wconf 89' lang='lat' dir='ltr'><strong>conversus</strong></span> <span class='ocrx_word' id='word_1_430' title='bbox 1820 1441 1859 1473; x_wconf 87' lang='lat' dir='ltr'><strong>ad</strong></span> 
     </span>
     <span class='ocr_line' id='line_1_71' title="bbox 1080 1492 1859 1534; baseline 0.004 -11"><span class='ocrx_word' id='word_1_431' title='bbox 1080 1492 1239 1524; x_wconf 76' lang='lat' dir='ltr'><strong>medicum</strong></span> <span class='ocrx_word' id='word_1_432' title='bbox 1259 1503 1266 1522; x_wconf 92' lang='lat'>:</span> <span class='ocrx_word' id='word_1_433' title='bbox 1285 1493 1317 1524; x_wconf 81' lang='lat' dir='ltr'><strong>Si</strong></span> <span class='ocrx_word' id='word_1_434' title='bbox 1334 1502 1396 1524; x_wconf 91' lang='lat' dir='ltr'><strong>non</strong></span> <span class='ocrx_word' id='word_1_435' title='bbox 1413 1496 1470 1532; x_wconf 86' lang='lat' dir='ltr'><strong>est,</strong></span> <span class='ocrx_word' id='word_1_436' title='bbox 1489 1494 1604 1534; x_wconf 89' lang='lat' dir='ltr'><strong>inquit,</strong></span> <span class='ocrx_word' id='word_1_437' title='bbox 1621 1503 1694 1525; x_wconf 88' lang='lat' dir='ltr'><strong>caro</strong></span> <span class='ocrx_word' id='word_1_438' title='bbox 1708 1494 1790 1526; x_wconf 91' lang='lat' dir='ltr'><strong>bene</strong></span> <span class='ocrx_word' id='word_1_439' title='bbox 1805 1494 1859 1526; x_wconf 92' lang='lat' dir='ltr'><strong>de-</strong></span> 
     </span>
     <span class='ocr_line' id='line_1_72' title="bbox 1079 1547 1860 1588; baseline 0.004 -11"><span class='ocrx_word' id='word_1_440' title='bbox 1079 1548 1176 1584; x_wconf 70' lang='lat' dir='ltr'><strong>cocta,</strong></span> <span class='ocrx_word' id='word_1_441' title='bbox 1195 1547 1344 1587; x_wconf 84' lang='lat' dir='ltr'><strong>imprime</strong></span> <span class='ocrx_word' id='word_1_442' title='bbox 1360 1547 1490 1579; x_wconf 86' lang='lat' dir='ltr'><strong>iterum.</strong></span> <span class='ocrx_word' id='word_1_443' title='bbox 1510 1547 1860 1588; x_wconf 83' lang='lat' dir='ltr'><strong>Expertusmedicusin</strong></span> 
     </span>
     <span class='ocr_line' id='line_1_73' title="bbox 1080 1600 1860 1642; baseline 0.005 -12"><span class='ocrx_word' id='word_1_444' title='bbox 1080 1600 1219 1631; x_wconf 78' lang='lat' dir='ltr'><strong>invalida</strong></span> <span class='ocrx_word' id='word_1_445' title='bbox 1234 1610 1329 1631; x_wconf 89' lang='lat' dir='ltr'><strong>carne</strong></span> <span class='ocrx_word' id='word_1_446' title='bbox 1344 1601 1496 1632; x_wconf 83' lang='lat' dir='ltr'><strong>virtutem</strong></span> <span class='ocrx_word' id='word_1_447' title='bbox 1521 1602 1652 1641; x_wconf 84' lang='lat' dir='ltr'><strong>spiritus</strong></span> <span class='ocrx_word' id='word_1_448' title='bbox 1668 1606 1733 1633; x_wconf 88' lang='lat' dir='ltr'><strong>tam</strong></span> <span class='ocrx_word' id='word_1_449' title='bbox 1749 1604 1860 1642; x_wconf 90' lang='lat' dir='ltr'><strong>poten-</strong></span> 
     </span>
     <span class='ocr_line' id='line_1_74' title="bbox 1081 1655 1861 1693; baseline 0.004 -9"><span class='ocrx_word' id='word_1_450' title='bbox 1081 1657 1155 1691; x_wconf 81' lang='lat' dir='ltr'><strong>tem,</strong></span> <span class='ocrx_word' id='word_1_451' title='bbox 1168 1655 1300 1685; x_wconf 87' lang='lat' dir='ltr'><strong>miratus</strong></span> <span class='ocrx_word' id='word_1_452' title='bbox 1311 1660 1367 1693; x_wconf 86' lang='lat' dir='ltr'><strong>cst,</strong></span> <span class='ocrx_word' id='word_1_453' title='bbox 1385 1657 1415 1685; x_wconf 89' lang='lat' dir='ltr'><strong>et</strong></span> <span class='ocrx_word' id='word_1_454' title='bbox 1429 1655 1577 1686; x_wconf 89' lang='lat' dir='ltr'><strong>divinum</strong></span> <span class='ocrx_word' id='word_1_455' title='bbox 1592 1655 1653 1686; x_wconf 90' lang='lat' dir='ltr'><strong>hoc</strong></span> <span class='ocrx_word' id='word_1_456' title='bbox 1669 1656 1861 1687; x_wconf 88' lang='lat' dir='ltr'><strong>miraculum</strong></span> 
     </span>
     <span class='ocr_line' id='line_1_75' title="bbox 1080 1708 1859 1748; baseline 0.003 -10"><span class='ocrx_word' id='word_1_457' title='bbox 1080 1708 1203 1741; x_wconf 77' lang='lat' dir='ltr'><strong>extulit.</strong></span> <span class='ocrx_word' id='word_1_458' title='bbox 1219 1708 1344 1739; x_wconf 65' lang='lat' dir='ltr'><strong>‹tie-m:</strong></span> <span class='ocrx_word' id='word_1_459' title='bbox 1365 1708 1436 1739; x_wconf 80' lang='lat' dir='ltr'><strong>Dico</strong></span> <span class='ocrx_word' id='word_1_460' title='bbox 1453 1709 1554 1746; x_wconf 86' lang='lat' dir='ltr'><strong>vobis,</strong></span> <span class='ocrx_word' id='word_1_461' title='bbox 1574 1710 1698 1748; x_wconf 35' lang='lat' dir='ltr'><strong>fratrea</strong></span> <span class='ocrx_word' id='word_1_462' title='bbox 1717 1709 1783 1740; x_wconf 84' lang='lat' dir='ltr'><strong>vidi</strong></span> <span class='ocrx_word' id='word_1_463' title='bbox 1798 1710 1859 1740; x_wconf 90' lang='lat' dir='ltr'><strong>mi-</strong></span> 
     </span>
     <span class='ocr_line' id='line_1_76' title="bbox 1080 1761 1862 1799; baseline 0.004 -7"><span class='ocrx_word' id='word_1_464' title='bbox 1080 1761 1191 1792; x_wconf 81' lang='lat' dir='ltr'><strong>rabilia</strong></span> <span class='ocrx_word' id='word_1_465' title='bbox 1206 1762 1310 1793; x_wconf 80' lang='lat' dir='ltr'><strong>liodic.</strong></span> <span class='ocrx_word' id='word_1_466' title='bbox 1319 1762 1494 1799; x_wconf 73' lang='lat' dir='ltr'><strong>Quiaenim</strong></span> <span class='ocrx_word' id='word_1_467' title='bbox 1504 1762 1542 1792; x_wconf 89' lang='lat' dir='ltr'><strong>ad</strong></span> <span class='ocrx_word' id='word_1_468' title='bbox 1554 1765 1674 1794; x_wconf 87' lang='lat' dir='ltr'><strong>tantam</strong></span> <span class='ocrx_word' id='word_1_469' title='bbox 1689 1763 1862 1795; x_wconf 83' lang='lat' dir='ltr'><strong>devenerat</strong></span> 
     </span>
     <span class='ocr_line' id='line_1_77' title="bbox 1080 1815 1862 1857; baseline 0.005 -12"><span class='ocrx_word' id='word_1_470' title='bbox 1080 1815 1267 1855; x_wconf 85' lang='lat' dir='ltr'><strong>puritatem,</strong></span> <span class='ocrx_word' id='word_1_471' title='bbox 1291 1818 1327 1847; x_wconf 91' lang='lat' dir='ltr'><strong>ut</strong></span> <span class='ocrx_word' id='word_1_472' title='bbox 1349 1825 1423 1847; x_wconf 89' lang='lat' dir='ltr'><strong>caro</strong></span> <span class='ocrx_word' id='word_1_473' title='bbox 1443 1815 1581 1856; x_wconf 87' lang='lat' dir='ltr'><strong>spiritui,</strong></span> <span class='ocrx_word' id='word_1_474' title='bbox 1597 1819 1627 1847; x_wconf 89' lang='lat' dir='ltr'><strong>et</strong></span> <span class='ocrx_word' id='word_1_475' title='bbox 1645 1816 1777 1857; x_wconf 83' lang='lat' dir='ltr'><strong>spiritus</strong></span> <span class='ocrx_word' id='word_1_476' title='bbox 1799 1817 1862 1849; x_wconf 91' lang='lat' dir='ltr'><strong>Deo</strong></span> 
     </span>
     <span class='ocr_line' id='line_1_78' title="bbox 1081 1868 1862 1907; baseline 0.005 -9"><span class='ocrx_word' id='word_1_477' title='bbox 1081 1868 1248 1899; x_wconf 89' lang='lat' dir='ltr'><strong>harmonia</strong></span> <span class='ocrx_word' id='word_1_478' title='bbox 1274 1869 1410 1900; x_wconf 88' lang='lat' dir='ltr'><strong>mirabili</strong></span> <span class='ocrx_word' id='word_1_479' title='bbox 1433 1869 1671 1907; x_wconf 81' lang='lat' dir='ltr'><strong>concordarent,</strong></span> <span class='ocrx_word' id='word_1_480' title='bbox 1689 1870 1799 1902; x_wconf 90' lang='lat' dir='ltr'><strong>divina</strong></span> <span class='ocrx_word' id='word_1_481' title='bbox 1813 1880 1862 1902; x_wconf 91' lang='lat' dir='ltr'><strong>or-</strong></span> 
     </span>
     <span class='ocr_line' id='line_1_79' title="bbox 1081 1922 1862 1962; baseline 0.006 -11"><span class='ocrx_word' id='word_1_482' title='bbox 1081 1922 1241 1952; x_wconf 84' lang='lat' dir='ltr'><strong>dinatione</strong></span> <span class='ocrx_word' id='word_1_483' title='bbox 1257 1923 1362 1961; x_wconf 66' lang='lat' dir='ltr'><strong>siebat,</strong></span> <span class='ocrx_word' id='word_1_484' title='bbox 1375 1925 1410 1953; x_wconf 91' lang='lat' dir='ltr'><strong>ut</strong></span> <span class='ocrx_word' id='word_1_485' title='bbox 1421 1926 1578 1962; x_wconf 77' lang='lat' dir='ltr'><strong>creatura,</strong></span> <span class='ocrx_word' id='word_1_486' title='bbox 1590 1923 1727 1955; x_wconf 85' lang='lat' dir='ltr'><strong>Creatori</strong></span> <span class='ocrx_word' id='word_1_487' title='bbox 1742 1934 1800 1955; x_wconf 88' lang='lat' dir='ltr'><strong>suo</strong></span> <span class='ocrx_word' id='word_1_488' title='bbox 1812 1925 1862 1956; x_wconf 88' lang='lat' dir='ltr'><strong>de-</strong></span> 
     </span>
     <span class='ocr_line' id='line_1_80' title="bbox 1082 1975 1860 2017; baseline 0.005 -12"><span class='ocrx_word' id='word_1_489' title='bbox 1082 1975 1253 2014; x_wconf 76' lang='lat' dir='ltr'><strong>serviens’,</strong></span> <span class='ocrx_word' id='word_1_490' title='bbox 1267 1976 1424 2007; x_wconf 88' lang='lat' dir='ltr'><strong>voluntati</strong></span> <span class='ocrx_word' id='word_1_491' title='bbox 1443 1979 1470 2007; x_wconf 89' lang='lat' dir='ltr'><strong>et</strong></span> <span class='ocrx_word' id='word_1_492' title='bbox 1490 1977 1624 2017; x_wconf 87' lang='lat' dir='ltr'><strong>imperio</strong></span> <span class='ocrx_word' id='word_1_493' title='bbox 1643 1978 1714 2017; x_wconf 74' lang='lat' dir='ltr'><strong>ejus</strong></span> <span class='ocrx_word' id='word_1_494' title='bbox 1729 1978 1860 2009; x_wconf 89' lang='lat' dir='ltr'><strong>mirabi-</strong></span> 
     </span>
     <span class='ocr_line' id='line_1_81' title="bbox 1082 2027 1861 2073; baseline 0.004 -13"><span class='ocrx_word' id='word_1_495' title='bbox 1082 2030 1153 2061; x_wconf 85' lang='lat' dir='ltr'><strong>liter</strong></span> <span class='ocrx_word' id='word_1_496' title='bbox 1174 2027 1361 2070; x_wconf 77' lang='lat' dir='ltr'><strong>subjaceret.</strong></span> <span class='ocrx_word' id='word_1_497' title='bbox 1390 2031 1460 2062; x_wconf 78' lang='lat' dir='ltr'><strong>Alio</strong></span> <span class='ocrx_word' id='word_1_498' title='bbox 1481 2031 1566 2062; x_wconf 91' lang='lat' dir='ltr'><strong>enim</strong></span> <span class='ocrx_word' id='word_1_499' title='bbox 1590 2034 1753 2071; x_wconf 83' lang='lat' dir='ltr'><strong>tempore,</strong></span> <span class='ocrx_word' id='word_1_500' title='bbox 1778 2033 1861 2073; x_wconf 89' lang='lat' dir='ltr'><strong>apud</strong></span> 
     </span>
     <span class='ocr_line' id='line_1_82' title="bbox 1082 2084 1863 2125; baseline 0.003 -10"><span class='ocrx_word' id='word_1_501' title='bbox 1082 2093 1226 2115; x_wconf 55' lang='lat' dir='ltr'><strong>eremwm</strong></span> <span class='ocrx_word' id='word_1_502' title='bbox 1239 2084 1344 2115; x_wconf 76' lang='lat' dir='ltr'><strong>Sancti</strong></span> <span class='ocrx_word' id='word_1_503' title='bbox 1358 2084 1475 2114; x_wconf 71' lang='lat' dir='ltr'><strong>l‘rbani</strong></span> <span class='ocrx_word' id='word_1_504' title='bbox 1492 2094 1585 2116; x_wconf 81' lang='lat' dir='ltr'><strong>servo</strong></span> <span class='ocrx_word' id='word_1_505' title='bbox 1603 2085 1653 2115; x_wconf 74' lang='lat' dir='ltr'><strong>nei</strong></span> <span class='ocrx_word' id='word_1_506' title='bbox 1668 2085 1863 2125; x_wconf 69' lang='lat' dir='ltr'><strong>{egritudine</strong></span> 
     </span>
     <span class='ocr_line' id='line_1_83' title="bbox 1082 2138 1861 2178; baseline 0.004 -10"><span class='ocrx_word' id='word_1_507' title='bbox 1082 2138 1273 2177; x_wconf 74' lang='lat' dir='ltr'><strong>gravissima</strong></span> <span class='ocrx_word' id='word_1_508' title='bbox 1288 2138 1465 2174; x_wconf 79' lang='lat' dir='ltr'><strong>laborante,</strong></span> <span class='ocrx_word' id='word_1_509' title='bbox 1481 2147 1556 2169; x_wconf 79' lang='lat' dir='ltr'><strong>cum</strong></span> <span class='ocrx_word' id='word_1_510' title='bbox 1573 2138 1649 2178; x_wconf 84' lang='lat' dir='ltr'><strong>ipse,</strong></span> <span class='ocrx_word' id='word_1_511' title='bbox 1670 2141 1794 2170; x_wconf 80' lang='lat' dir='ltr'><strong>naturae</strong></span> <span class='ocrx_word' id='word_1_512' title='bbox 1807 2140 1861 2171; x_wconf 91' lang='lat' dir='ltr'><strong>de-</strong></span> 
     </span>
     <span class='ocr_line' id='line_1_84' title="bbox 1083 2192 1864 2232; baseline 0.004 -10"><span class='ocrx_word' id='word_1_513' title='bbox 1083 2192 1199 2222; x_wconf 84' lang='lat' dir='ltr'><strong>sectum</strong></span> <span class='ocrx_word' id='word_1_514' title='bbox 1224 2192 1378 2229; x_wconf 83' lang='lat' dir='ltr'><strong>sentiens,</strong></span> <span class='ocrx_word' id='word_1_515' title='bbox 1404 2192 1471 2222; x_wconf 84' lang='lat' dir='ltr'><strong>vini</strong></span> <span class='ocrx_word' id='word_1_516' title='bbox 1491 2192 1641 2232; x_wconf 88' lang='lat' dir='ltr'><strong>poculum</strong></span> <span class='ocrx_word' id='word_1_517' title='bbox 1658 2193 1864 2232; x_wconf 85' lang='lat' dir='ltr'><strong>postulasset,</strong></span> 
     </span>
     <span class='ocr_line' id='line_1_85' title="bbox 1083 2245 1864 2286; baseline 0.003 -11"><span class='ocrx_word' id='word_1_518' title='bbox 1083 2245 1226 2285; x_wconf 86' lang='lat' dir='ltr'><strong>nihilque</strong></span> <span class='ocrx_word' id='word_1_519' title='bbox 1245 2245 1283 2276; x_wconf 87' lang='lat' dir='ltr'><strong>de</strong></span> <span class='ocrx_word' id='word_1_520' title='bbox 1298 2245 1385 2282; x_wconf 81' lang='lat' dir='ltr'><strong>vino,</strong></span> <span class='ocrx_word' id='word_1_521' title='bbox 1401 2245 1487 2285; x_wconf 85' lang='lat' dir='ltr'><strong>quod</strong></span> <span class='ocrx_word' id='word_1_522' title='bbox 1502 2246 1560 2275; x_wconf 84' lang='lat' dir='ltr'><strong>sibi</strong></span> <span class='ocrx_word' id='word_1_523' title='bbox 1576 2245 1643 2276; x_wconf 85' lang='lat' dir='ltr'><strong>dari</strong></span> <span class='ocrx_word' id='word_1_524' title='bbox 1659 2249 1785 2286; x_wconf 83' lang='lat' dir='ltr'><strong>posset,</strong></span> <span class='ocrx_word' id='word_1_525' title='bbox 1801 2256 1864 2277; x_wconf 85' lang='lat' dir='ltr'><strong>res-</strong></span> 
     </span>
     <span class='ocr_line' id='line_1_86' title="bbox 1083 2299 1864 2339; baseline 0.003 -10"><span class='ocrx_word' id='word_1_526' title='bbox 1083 2299 1276 2339; x_wconf 74' lang='lat' dir='ltr'><strong>ponderetur</strong></span> <span class='ocrx_word' id='word_1_527' title='bbox 1293 2299 1402 2330; x_wconf 78' lang='lat' dir='ltr'><strong>adesse</strong></span> <span class='ocrx_word' id='word_1_528' title='bbox 1413 2324 1420 2337; x_wconf 90' lang='lat'><strong>,</strong></span> <span class='ocrx_word' id='word_1_529' title='bbox 1434 2300 1531 2338; x_wconf 67' lang='lat' dir='ltr'><strong>¹iussit</strong></span> <span class='ocrx_word' id='word_1_530' title='bbox 1551 2308 1668 2339; x_wconf 86' lang='lat' dir='ltr'><strong>aquam</strong></span> <span class='ocrx_word' id='word_1_531' title='bbox 1684 2300 1791 2330; x_wconf 82' lang='lat' dir='ltr'><strong>atterri</strong></span> <span class='ocrx_word' id='word_1_532' title='bbox 1802 2324 1811 2337; x_wconf 85' lang='lat'><strong>,</strong></span> <span class='ocrx_word' id='word_1_533' title='bbox 1832 2302 1864 2331; x_wconf 88' lang='lat' dir='ltr'><strong>et</strong></span> 
     </span>
     <span class='ocr_line' id='line_1_87' title="bbox 1083 2352 1861 2392; baseline 0.001 -9"><span class='ocrx_word' id='word_1_534' title='bbox 1083 2353 1211 2383; x_wconf 79' lang='lat' dir='ltr'><strong>allatam</strong></span> <span class='ocrx_word' id='word_1_535' title='bbox 1235 2353 1331 2392; x_wconf 79' lang='lat' dir='ltr'><strong>signo</strong></span> <span class='ocrx_word' id='word_1_536' title='bbox 1355 2353 1458 2383; x_wconf 84' lang='lat' dir='ltr'><strong>crucis</strong></span> <span class='ocrx_word' id='word_1_537' title='bbox 1482 2352 1564 2383; x_wconf 75' lang='lat' dir='ltr'><strong>edito</strong></span> <span class='ocrx_word' id='word_1_538' title='bbox 1594 2352 1764 2383; x_wconf 86' lang='lat' dir='ltr'><strong>benedixit.</strong></span> <span class='ocrx_word' id='word_1_539' title='bbox 1788 2352 1861 2384; x_wconf 84' lang='lat' dir='ltr'><strong>Mox</strong></span> 
     </span>
     <span class='ocr_line' id='line_1_88' title="bbox 1083 2396 1860 2445; baseline -0.001 -8"><span class='ocrx_word' id='word_1_540' title='bbox 1083 2406 1198 2437; x_wconf 80' lang='lat' dir='ltr'><strong>vinum</strong></span> <span class='ocrx_word' id='word_1_541' title='bbox 1214 2406 1351 2437; x_wconf 79' lang='lat' dir='ltr'><strong>ct‘ticitnr</strong></span> <span class='ocrx_word' id='word_1_542' title='bbox 1365 2406 1523 2445; x_wconf 80' lang='lat' dir='ltr'><strong>optimum</strong></span> <span class='ocrx_word' id='word_1_543' title='bbox 1534 2429 1542 2443; x_wconf 88' lang='lat'><strong>,</strong></span> <span class='ocrx_word' id='word_1_544' title='bbox 1559 2396 1643 2445; x_wconf 68' lang='lat' dir='ltr'><strong>qu&#39;od</strong></span> <span class='ocrx_word' id='word_1_545' title='bbox 1659 2406 1762 2436; x_wconf 79' lang='lat' dir='ltr'><strong>suerat</strong></span> <span class='ocrx_word' id='word_1_546' title='bbox 1777 2414 1860 2445; x_wconf 88' lang='lat' dir='ltr'><strong>aqua</strong></span> 
     </span>
     <span class='ocr_line' id='line_1_89' title="bbox 1085 2459 1863 2500; baseline -0.003 -10"><span class='ocrx_word' id='word_1_547' title='bbox 1085 2470 1177 2500; x_wconf 70' lang='lat' dir='ltr'><strong>pura,</strong></span> <span class='ocrx_word' id='word_1_548' title='bbox 1193 2463 1221 2490; x_wconf 82' lang='lat' dir='ltr'><strong>ct</strong></span> <span class='ocrx_word' id='word_1_549' title='bbox 1238 2460 1323 2500; x_wconf 68' lang='lat' dir='ltr'><strong>quod</strong></span> <span class='ocrx_word' id='word_1_550' title='bbox 1338 2459 1452 2490; x_wconf 80' lang='lat' dir='ltr'><strong>deserti</strong></span> <span class='ocrx_word' id='word_1_551' title='bbox 1469 2459 1527 2490; x_wconf 87' lang='lat' dir='ltr'><strong>loci</strong></span> <span class='ocrx_word' id='word_1_552' title='bbox 1548 2461 1716 2499; x_wconf 86' lang='lat' dir='ltr'><strong>paupertas</strong></span> <span class='ocrx_word' id='word_1_553' title='bbox 1732 2468 1795 2489; x_wconf 92' lang='lat' dir='ltr'><strong>non</strong></span> <span class='ocrx_word' id='word_1_554' title='bbox 1810 2468 1863 2499; x_wconf 90' lang='lat' dir='ltr'><strong>po-</strong></span> 
     </span>
     <span class='ocr_line' id='line_1_90' title="bbox 1085 2512 1862 2553; baseline -0.003 -10"><span class='ocrx_word' id='word_1_555' title='bbox 1085 2514 1155 2551; x_wconf 92' lang='lat' dir='ltr'><strong>tnit,</strong></span> <span class='ocrx_word' id='word_1_556' title='bbox 1172 2514 1233 2543; x_wconf 75' lang='lat' dir='ltr'><strong>viri</strong></span> <span class='ocrx_word' id='word_1_557' title='bbox 1250 2514 1347 2543; x_wconf 74' lang='lat' dir='ltr'><strong>sancti</strong></span> <span class='ocrx_word' id='word_1_558' title='bbox 1366 2513 1486 2553; x_wconf 85' lang='lat' dir='ltr'><strong>puritas</strong></span> <span class='ocrx_word' id='word_1_559' title='bbox 1503 2512 1694 2552; x_wconf 85' lang='lat' dir='ltr'><strong>impetravit.</strong></span> <span class='ocrx_word' id='word_1_560' title='bbox 1712 2512 1758 2541; x_wconf 77' lang='lat' dir='ltr'><strong>Ad</strong></span> <span class='ocrx_word' id='word_1_561' title='bbox 1770 2513 1862 2551; x_wconf 86' lang='lat' dir='ltr'><strong>eujus</strong></span> 
     </span>
     <span class='ocr_line' id='line_1_91' title="bbox 1086 2565 1860 2606; baseline -0.001 -9"><span class='ocrx_word' id='word_1_562' title='bbox 1086 2569 1220 2606; x_wconf 73' lang='lat' dir='ltr'><strong>gustum</strong></span> <span class='ocrx_word' id='word_1_563' title='bbox 1247 2569 1333 2597; x_wconf 88' lang='lat' dir='ltr'><strong>tanta</strong></span> <span class='ocrx_word' id='word_1_564' title='bbox 1353 2568 1498 2606; x_wconf 85' lang='lat' dir='ltr'><strong>protinus</strong></span> <span class='ocrx_word' id='word_1_565' title='bbox 1523 2566 1669 2597; x_wconf 79' lang='lat' dir='ltr'><strong>facilitate</strong></span> <span class='ocrx_word' id='word_1_566' title='bbox 1687 2565 1860 2604; x_wconf 88' lang='lat' dir='ltr'><strong>convaluit,</strong></span> 
     </span>
     <span class='ocr_line' id='line_1_92' title="bbox 1086 2619 1860 2660; baseline -0.003 -9"><span class='ocrx_word' id='word_1_567' title='bbox 1086 2624 1121 2651; x_wconf 89' lang='lat' dir='ltr'><strong>ut</strong></span> <span class='ocrx_word' id='word_1_568' title='bbox 1144 2621 1265 2660; x_wconf 76' lang='lat' dir='ltr'><strong>saporis</strong></span> <span class='ocrx_word' id='word_1_569' title='bbox 1291 2621 1431 2658; x_wconf 74' lang='lat' dir='ltr'><strong>novitas,</strong></span> <span class='ocrx_word' id='word_1_570' title='bbox 1457 2623 1488 2650; x_wconf 83' lang='lat' dir='ltr'><strong>ct</strong></span> <span class='ocrx_word' id='word_1_571' title='bbox 1515 2619 1678 2650; x_wconf 83' lang='lat' dir='ltr'><strong>innovatio</strong></span> <span class='ocrx_word' id='word_1_572' title='bbox 1707 2620 1860 2657; x_wconf 88' lang='lat' dir='ltr'><strong>sanitatis,</strong></span> 
     </span>
     <span class='ocr_line' id='line_1_93' title="bbox 1087 2672 1862 2714; baseline -0.001 -10"><span class='ocrx_word' id='word_1_573' title='bbox 1087 2675 1246 2714; x_wconf 76' lang='lat' dir='ltr'><strong>gustabile</strong></span> <span class='ocrx_word' id='word_1_574' title='bbox 1269 2684 1303 2704; x_wconf 89' lang='lat' dir='ltr'><strong>ac</strong></span> <span class='ocrx_word' id='word_1_575' title='bbox 1320 2676 1502 2713; x_wconf 80' lang='lat' dir='ltr'><strong>gustantem</strong></span> <span class='ocrx_word' id='word_1_576' title='bbox 1517 2672 1801 2712; x_wconf 86' lang='lat' dir='ltr'><strong>supernaturaliter</strong></span> <span class='ocrx_word' id='word_1_577' title='bbox 1817 2673 1862 2704; x_wconf 92' lang='lat' dir='ltr'><strong>in-</strong></span> 
     </span>
    </p>
   </div>
   <div class='ocr_carea' id='block_1_6' title="bbox 1118 2736 1378 2767">
    <p class='ocr_par' dir='ltr' id='par_1_6' title="bbox 1118 2736 1378 2767">
     <span class='ocr_line' id='line_1_94' title="bbox 1118 2736 1378 2767; baseline 0.004 -8"><span class='ocrx_word' id='word_1_578' title='bbox 1118 2738 1153 2767; x_wconf 65' lang='lat' dir='ltr'><strong>m)</strong></span> <span class='ocrx_word' id='word_1_579' title='bbox 1171 2737 1231 2762; x_wconf 55' lang='grc' dir='ltr'><strong>(Ὧι.</strong></span> <span class='ocrx_word' id='word_1_580' title='bbox 1247 2736 1304 2760; x_wconf 66' lang='lat' dir='ltr'><strong>edic.</strong></span> <span class='ocrx_word' id='word_1_581' title='bbox 1319 2738 1378 2760; x_wconf 78' lang='lat' dir='ltr'><strong>tani.</strong></span> 
     </span>
    </p>
   </div>
  </div>
 </body>
</html>
