2029 3052
72 249 120 279 est
143 247 177 278 in
197 242 375 277 Sclavoniae
403 239 547 281 partibus
570 237 740 278 applicare.
770 236 850 268 Cum

73 300 173 341 igitur
190 306 316 330 moram
335 293 533 336 aliquamdiu
555 291 765 323 contraxisset
788 290 851 321 ibi-

72 355 157 393 dem,
176 361 236 385 nec
258 350 403 383 invenire
427 347 533 389 posset
545 354 664 377 navem
678 346 755 376 tunc
769 346 851 376 tem-

17 407 25 433 ’ἒ
73 408 160 449 poris
173 406 442 441 transfretantem,
459 400 643 432 fraudatum
658 409 678 430 a
693 408 752 430 suo
771 398 854 430 desi-

17 454 24 474 ⁵
74 462 163 494 derio
169 470 203 493 se
212 459 362 498 sentiens,
373 458 487 489 nautas
497 455 653 497 quosdam
665 453 854 485 Anchonam

74 516 248 554 tendentes,
264 515 301 546 ut
323 520 432 544 amore
451 510 506 542 Dei
527 518 603 541 eum
627 517 737 540 secum
758 508 853 539 duce-

73 572 156 610 rent,
172 567 329 601 exoravit.
346 566 466 599 Verum
481 564 543 595 illis
558 564 686 604 propter
699 570 855 602 expensa-

74 635 148 658 rum
164 625 320 657 defectum
334 619 539 663 pertinaciter
553 617 789 656 recusantibus,
806 617 857 648 vir

75 680 129 712 Dei
144 679 322 721 plurimum
336 676 375 708 de
389 673 518 706 Domini
539 672 681 704 bonitate
704 672 855 710 confisus,

75 742 192 766 navem
208 740 283 763 cum
297 729 383 762 socio
397 729 533 760 latenter
547 726 740 758 conscendit.
758 725 859 756 Affuit

75 787 207 829 quidam
223 795 242 816 a
256 785 331 824 Deo,
346 785 384 814 ut
399 781 550 820 creditur,
566 790 625 822 pro
641 789 781 821 paupere
800 789 858 812 suo

76 841 210 879 missus,
227 838 284 880 qui
298 845 408 869 secum
422 836 528 867 ferens
542 834 722 866 necessaria
738 834 857 874 victus,

75 893 248 936 quemdam
261 892 430 923 timentem
446 889 546 921 Deum
561 889 600 920 de
614 888 690 920 navi
702 888 741 919 ad
758 897 791 919 se
805 897 861 919 vo-

76 951 183 981 catum
207 948 251 979 sic
264 946 420 978 allocutus
438 946 484 976 est
503 955 510 976 :
528 944 604 975 Haec
626 952 684 984 pro
708 943 859 984 pauperi-

77 1004 138 1035 bus
161 1001 312 1033 fratribus
336 999 371 1030 in
389 999 466 1030 navi
487 997 686 1029 latitantibus
707 1006 863 1030 conserva

78 1058 228 1093 fideliter,
245 1066 282 1088 ac
304 1054 500 1087 necessitatis
519 1056 662 1094 tempore
686 1053 861 1084 amicabili-

78 1115 128 1144 ter
143 1110 362 1143 subministra.
377 1108 494 1149 Sicque
508 1108 627 1139 factum
638 1109 696 1146 est,
709 1108 744 1138 ut
759 1107 864 1138 nautis

79 1167 209 1210 propter
237 1165 305 1197 vim
329 1165 500 1195 ventorum
529 1170 587 1202 per
614 1161 680 1192 dies
708 1161 865 1201 plurimos

79 1228 242 1260 nusquam
252 1217 412 1259 applicare
422 1215 615 1252 valentibus,
627 1215 737 1246 omnia
750 1224 864 1246 consu-

80 1274 246 1305 merentur
269 1272 415 1312 ipsorum
438 1269 566 1308 cibaria,
593 1270 624 1299 et
643 1269 710 1300 sola
731 1268 866 1309 pauperi

81 1327 250 1360 Francisco
266 1325 379 1357 collata
393 1324 529 1364 desuper
539 1323 742 1363 eleemosyna
752 1331 862 1362 super-

81 1384 174 1414 esset.
191 1381 269 1419 Quae
285 1389 359 1411 cum
374 1381 456 1410 esset
470 1377 605 1416 modica,
620 1379 745 1408 tantum
757 1376 867 1408 divina

82 1436 203 1468 virtute
218 1434 358 1475 suscepit
374 1435 601 1473 augmentum,
617 1434 655 1463 ut
669 1432 783 1463 diebus
799 1432 868 1472 plu-

83 1491 174 1522 ribus
194 1490 230 1520 in
251 1488 334 1520 mari
356 1489 485 1528 propter
515 1487 736 1527 tempestatem
765 1486 866 1517 conti-

84 1554 184 1576 nuam
199 1542 461 1575 contrahentibus
475 1550 613 1578 moram,
630 1549 732 1580 usque
747 1540 786 1572 ad
798 1549 869 1580 por-

83 1600 155 1630 tum
169 1598 335 1629 Anchonae
348 1596 495 1628 omnium
506 1594 749 1626 necessitatibus
760 1594 869 1635 plena-

84 1652 132 1683 rie
153 1650 350 1683 subveniret.
372 1649 522 1682 Videntes
543 1648 651 1688 itaque
681 1649 788 1679 nautae
813 1657 871 1688 per

86 1715 217 1738 servum
232 1705 287 1736 Dei
311 1704 415 1736 multa
429 1712 462 1734 se
478 1702 592 1734 mortis
607 1702 745 1733 evasisse
760 1702 869 1733 discri-

87 1759 187 1797 mina,
205 1761 360 1799 tanquam
375 1757 431 1798 qui
444 1757 544 1788 maris
554 1756 716 1788 horrenda
730 1756 873 1796 pericula

90 1813 266 1848 senserant,
290 1814 321 1842 et
343 1809 489 1840 miranda
511 1818 608 1849 opera
632 1808 758 1839 Domini
782 1808 870 1839 vide-

90 1867 162 1896 rant
176 1865 211 1895 in
234 1864 405 1905 profundo,
430 1863 550 1903 gratias
569 1864 706 1901 egerunt
726 1861 873 1901 omnipo-

91 1919 171 1950 tenti
187 1918 262 1956 Deo,
279 1917 335 1958 qui
347 1925 472 1957 semper
483 1916 518 1946 in
528 1916 594 1946 suis
605 1915 715 1946 amicis
729 1917 759 1946 et
774 1915 875 1946 servis

93 1972 273 2004 mirabilem
300 1973 331 2002 et
359 1970 531 2002 amabilem
556 1979 589 2001 se
615 1969 763 2000 ostendit.
795 1968 875 2000 Cum

94 2028 214 2064 autem,
246 2025 356 2057 relicto
376 2024 474 2062 mari,
505 2026 624 2055 terram
652 2022 877 2063 perambulare

97 2081 251 2121 coepisset,
266 2081 384 2121 jactato
400 2079 433 2110 in
449 2088 520 2110 eam
536 2077 649 2109 salutis
665 2076 786 2108 semine
797 2101 805 2115 ,
826 2085 879 2107 re-

98 2135 244 2175 portabat
254 2133 437 2174 manipulos
451 2133 640 2164 fructuosos.
658 2130 790 2168 Verum,
803 2130 880 2170 quia

100 2188 248 2229 martyrii
262 2188 382 2219 fructus
404 2187 482 2218 adeo
504 2196 557 2217 cor
577 2187 647 2226 ers
664 2185 827 2222 allexerat,
844 2186 881 2215 ut

101 2242 272 2283 pretiosam
287 2250 345 2281 pro
368 2241 491 2272 Christo
512 2241 649 2271 mortem
665 2248 761 2279 super
776 2239 882 2270 omnia

101 2296 263 2328 virtutum
282 2295 396 2326 merita
417 2296 609 2335 peroptaret,
631 2302 744 2324 versus
759 2292 881 2324 Marro—

102 2350 213 2382 chium
227 2349 287 2380 iter
302 2348 448 2389 arripuit,
467 2349 503 2379 ut
517 2347 731 2386 Miramolino,
748 2349 779 2378 et
794 2347 884 2387 genti

104 2405 184 2445 ejus,
202 2402 317 2434 Christi
332 2401 549 2441 Evangelium
567 2401 765 2441 praedicaret,
781 2402 805 2432 si
821 2410 885 2442 quo

105 2458 200 2488 modo
215 2457 253 2488 ad
272 2456 474 2496 concupitam
492 2455 633 2496 palmam
654 2455 774 2487 valeret
790 2456 885 2486 attin-

108 2511 183 2551 gere
200 2522 207 2542 z
224 2513 312 2542 tanto
332 2519 473 2550 namque
491 2509 648 2540 desiderio
663 2509 835 2548 ferebatur,
852 2513 888 2540 ut

110 2564 257 2605 quamvis
282 2566 365 2595 esset
384 2563 550 2594 imbeciffis
571 2572 722 2603 corpore,
745 2563 890 2603 peregri-

110 2618 248 2649 nationis
271 2627 338 2649 suae
364 2619 576 2658 praecurreret
599 2617 766 2655 comitem,
792 2619 822 2648 et
851 2617 891 2648 ad

112 2671 337 2712 exequendum
360 2671 559 2712 propositum
583 2671 733 2709 festinUS,
764 2673 795 2702 et
819 2672 890 2702 tan-

779 167 909 201 CAPUT
932 167 983 200 IX.

1631 168 1690 197 325

909 236 1007 276 quarn
1022 235 1136 276 spiritu
1151 235 1259 266 ebrius
1270 233 1443 266 advolaret.
1461 234 1521 265 Sed
1535 243 1608 265 cum
1620 235 1690 274 Jam

909 290 1060 331 usquein
1074 289 1260 330 Hispaniam
1283 287 1486 330 perrexisset,
1511 288 1619 320 divina
1642 288 1693 319 di-

910 343 1077 385 positione‚
1102 352 1175 384 quae
1201 343 1307 384 ipsum
1333 341 1518 373 reservabat
1541 341 1579 372 ad
1607 342 1691 380 alia,

912 397 1107 438 gravissima
1135 397 1164 429 ei
1194 396 1381 438 supervenit
1409 395 1598 434 infirmitaS,
1629 404 1695 435 qua

911 451 1120 492 praepeditus,
1143 451 1230 492 quod
1254 450 1413 491 cupiebat,
1439 448 1614 488 adimplere
1638 457 1695 479 ne-

912 504 1026 545 quivit.
1053 503 1201 535 Sentiens
1224 504 1325 544 igitur
1339 503 1390 536 vir
1407 502 1474 540 Dei,
1491 501 1578 542 quod
1592 509 1699 533 neces-

912 558 998 590 saria
1019 560 1088 589 erat
1106 558 1211 590 adhuc
1228 558 1322 599 proli,
1345 566 1444 599 quam
1461 557 1631 597 genuerat,
1648 556 1697 596 ip-

914 606 981 644 sius
996 613 1062 644 vita
1077 613 1111 644 in
1125 622 1232 652 carne,
1249 612 1401 653 quamvis
1419 612 1558 642 mortem
1575 610 1635 641 sibi
1652 610 1701 641 lu-

914 675 1005 698 crum
1022 668 1150 707 putaret
1162 676 1241 706 esse,
1253 666 1346 697 rediit
1359 666 1399 697 ad
1417 664 1614 706 pascendum
1624 662 1702 695 oves

915 730 983 753 suae
998 721 1201 753 sollicitudini
1226 720 1477 752 commendatas.
1492 719 1613 751 Verum
1626 719 1703 750 cha-

916 776 1020 807 ritatis
1036 775 1150 807 ardore
1163 775 1314 816 spiritum
1329 775 1431 815 ipsius
1446 773 1486 805 ad
1508 773 1704 814 martyrium

917 832 1125 870 perurgente,
1142 830 1234 861 tertia
1255 829 1360 860 adhuc
1387 828 1454 860 vice
1474 837 1533 868 pro
1549 828 1611 858 fide
1632 826 1702 858 Tri-

917 885 1025 916 nitatis
1054 884 1211 916 effusione
1237 884 1289 915 sui
1319 882 1491 922 sanguinis
1523 881 1702 919 dilatanda,

918 947 1031 970 versus
1046 938 1192 969 infideles
1203 937 1358 978 proficisci
1372 936 1517 968 tentavit.
1534 935 1640 967 Tertio
1656 935 1706 966 de-

919 992 1002 1023 cimo
1017 1001 1158 1032 namque
1175 991 1397 1023 conversionis
1407 999 1474 1021 suae
1485 999 1570 1021 anno
1585 989 1624 1020 ad
1636 997 1707 1029 par-

919 1049 966 1078 tes
981 1047 1083 1088 Syriae
1106 1055 1257 1087 pergens,
1275 1046 1385 1077 multis
1404 1054 1438 1076 se
1458 1044 1608 1085 periculis
1630 1053 1707 1075 con-

921 1104 1042 1133 stanter
1056 1101 1216 1141 exposuit,
1233 1102 1269 1131 nt
1285 1099 1414 1131 Soldani
1432 1098 1617 1139 Babyloniae
1632 1107 1708 1138 pos-

921 1158 968 1187 set
983 1155 1070 1187 adire
1085 1154 1301 1195 praesentiam.
1314 1153 1400 1184 Inter
1412 1152 1607 1184 Christianos
1620 1151 1708 1183 enim

922 1219 958 1240 ac
979 1209 1152 1240 Saracenos
1172 1211 1249 1239 tunc
1273 1207 1392 1238 bellum
1420 1209 1487 1237 tam
1507 1205 1708 1246 implacabile

922 1266 1000 1303 erat,
1018 1264 1217 1295 exercituum
1240 1262 1350 1294 castris
1366 1262 1441 1293 hinc
1460 1261 1533 1293 inde
1551 1262 1584 1292 in
1595 1270 1708 1301 campo

923 1318 1068 1350 cominus
1093 1327 1134 1349 ex
1158 1317 1293 1348 adverso
1315 1316 1439 1354 locatis,
1466 1317 1502 1346 ut
1525 1315 1579 1346 via
1603 1314 1710 1345 mutui

923 1373 1075 1404 transitus
1090 1372 1157 1403 sine
1174 1371 1286 1402 mortis
1302 1370 1487 1402 discrimine
1497 1379 1562 1401 non
1573 1371 1708 1410 pateret.

924 1428 1053 1459 Exierat
1066 1426 1225 1467 siquidem
1236 1435 1254 1456 a
1266 1424 1404 1456 Soldano
1415 1424 1556 1455 edictum
1569 1424 1708 1462 crudele,

924 1484 960 1513 ut
979 1481 1178 1522 quicumque
1195 1481 1290 1519 caput
1314 1478 1453 1518 alicujus
1469 1477 1640 1508 Christiani
1663 1477 1710 1508 af-

925 1537 1032 1573 ferret,
1046 1534 1222 1565 bizantium
1240 1541 1376 1563 aureum
1392 1541 1452 1572 pro
1467 1531 1612 1562 mercede
1628 1531 1711 1562 reci-

925 1591 1024 1630 peret.
1038 1589 1078 1619 At
1094 1587 1273 1628 intrepidus
1282 1586 1397 1618 Christi
1410 1585 1501 1616 miles
1509 1584 1710 1623 Franciscus,

926 1651 1057 1684 sperans
1069 1642 1102 1673 in
1119 1641 1268 1682 proximo
1284 1649 1381 1671 suum
1395 1638 1525 1679 adipisci
1538 1647 1629 1679 posse
1640 1647 1713 1678 pro-

926 1698 1067 1738 positum
1079 1721 1086 1735 ,
1111 1695 1261 1726 diffinivit
1274 1695 1335 1725 iter
1358 1693 1511 1734 arripere,
1527 1692 1640 1724 mortis
1654 1701 1711 1732 pa-

928 1761 1005 1784 vore
1019 1760 1084 1782 non
1100 1750 1241 1788 territus,
1267 1748 1320 1779 sed
1337 1747 1493 1778 desiderio
1507 1748 1710 1786 provocatus.

929 1805 1078 1837 Oratione
1099 1811 1239 1842 namque
1262 1800 1448 1842 praemissa,
1475 1800 1671 1830 confortatus
1695 1809 1714 1830 a

930 1859 1077 1897 Domino,
1095 1857 1291 1888 confidenter
1318 1855 1395 1885 illud
1420 1853 1642 1894 propheticum
1658 1854 1712 1884 de-

931 1913 1078 1944 cantabat
1098 1912 1105 1928 ¹
1130 1921 1137 1942 :
1166 1910 1249 1942 Nam
1276 1909 1338 1942 etsi
1366 1908 1568 1940 ambulavero
1593 1909 1630 1940 z'n
1651 1916 1716 1939 me-

932 1967 987 1999 dio
1012 1966 1131 1998 umbroe
1154 1965 1279 2003 mortis,
1300 1972 1365 1996 ηοη
1383 1962 1496 1995 timebo
1521 1962 1619 2000 mala,
1639 1970 1715 2002 quo-

932 2022 1023 2054 niam
1046 2023 1081 2053 tu
1103 2027 1224 2051 mecum
1245 2026 1287 2050 es.
1308 2018 1483 2057 Assumpto
1506 2016 1609 2056 igitur
1632 2016 1717 2047 socio

934 2076 1047 2113 fratre,
1065 2074 1247 2105 Illuminato
1267 2072 1415 2110 nomine,
1440 2071 1511 2102 viro
1533 2071 1644 2111 utique
1663 2070 1720 2101 lu-

936 2129 1042 2166 minis,
1057 2130 1087 2159 et
1101 2127 1241 2164 virtutis,
1259 2135 1332 2156 cum
1349 2126 1408 2156 iter
1422 2124 1586 2164 coepisset,
1608 2123 1720 2155 obvias

938 2183 1050 2215 habuit
1065 2181 1208 2213 oviculas
1223 2181 1313 2218 duas,
1330 2179 1447 2219 quibus
1468 2178 1546 2209 visis
1560 2178 1719 2209 exhilara-

938 2240 989 2269 tus
1012 2237 1063 2269 vir
1080 2237 1218 2273 sanctus,
1242 2233 1323 2265 dixit
1343 2233 1382 2263 ad
1404 2232 1527 2263 socium
1546 2243 1552 2263 ε
1580 2232 1719 2271 Confide,

939 2293 1046 2328 frater,
1063 2291 1098 2321 in
1118 2289 1263 2327 Domino,
1287 2296 1363 2318 narn
1386 2287 1420 2317 in
1436 2287 1531 2317 nobis
1553 2287 1721 2327 evangeli-

940 2355 1014 2377 cum
1033 2344 1113 2375 illud
1136 2342 1312 2383 impletur²
1336 2352 1342 2372 z
1375 2341 1452 2372 Ecce
1477 2349 1531 2381 eqo
1548 2341 1642 2373 mitto
1668 2349 1723 2373 vos

940 2401 1025 2432 sicut
1048 2405 1118 2430 oves
1138 2398 1175 2429 in
1198 2395 1304 2427 medio
1326 2394 1485 2435 luporum.
1511 2395 1588 2426 Cum
1616 2397 1725 2426 autem

942 2452 1168 2495 processissent
1191 2449 1336 2487 unatim,
1362 2451 1571 2479 occurrerunt
1588 2449 1615 2479 ei
1632 2449 1725 2479 satel-

943 2509 1013 2539 lites
1038 2504 1203 2542 Saraceni,
1232 2503 1287 2543 qui
1317 2505 1472 2542 tanquam
1500 2502 1569 2542 lupi
1593 2502 1727 2533 celerius

945 2561 1148 2593 accurrentes
1172 2557 1212 2588 ad
1244 2566 1339 2593 oves,
1370 2565 1478 2587 servos
1502 2556 1557 2586 Dei
1586 2556 1728 2587 feraliter

946 2613 1193 2655 comprehensos
1207 2610 1378 2642 crudeliter
1393 2612 1425 2640 et
1449 2610 1730 2651 contemptibiliter
1748 2622 1751 2624 ·

980 2679 988 2695 1
1005 2676 1072 2702 Psal,
1089 2681 1156 2706 xxa,
1172 2676 1194 2699 4.
1210 2688 1239 2693 —
1254 2674 1264 2690 ²
1280 2673 1383 2704 Matth„
1398 2679 1424 2704 x,
1443 2673 1480 2697 16.
