2029 3052
619 178 659 211 IN
683 178 876 212 REGULAM
898 178 1092 211 FRATRUM
1112 177 1309 214 MINORUM.

157 248 260 282 sandi.
284 247 363 280 Cum
384 255 464 287 ergo
483 246 519 278 in
537 246 607 278 aliis
625 247 839 288 religionibus
854 248 937 280 bona

158 303 205 335 sic
233 302 297 339 sint
321 301 506 333 communia
530 301 684 342 personis,
715 302 800 343 quod
829 303 938 333 tamen

159 358 235 390 sunt
256 365 385 398 propria
409 355 647 394 communitam
671 358 703 387 01
724 357 807 388 510111
825 355 936 387 distin-

161 412 307 451 guuntur
330 409 482 449 ecclesiae,
498 409 543 441 ita
561 411 592 442 et
614 411 827 450 possessiones
842 410 939 442 eccle-

160 465 301 496 siarum:
319 463 360 495 ita
377 463 518 503 ecclesia,
535 472 608 504 quae
624 466 672 496 est
686 464 822 496 fratrum
836 464 937 495 Mino-

159 527 233 550 rum
244 517 471 555 communitam,
487 517 567 548 nihil
582 519 684 558 potest
698 518 759 549 sibi
770 518 939 550 vendicare

160 581 216 613 per
239 571 372 603 modum
393 566 612 612 possessionis,
638 571 689 603 vel
710 571 840 603 dominii
857 580 941 603 com-

161 625 328 658 munitatis
339 633 406 656 51110
422 625 600 665 proprium,
616 625 746 664 mobile,
762 625 814 657 vel
827 625 941 657 immo-

161 679 224 711 bile
239 679 273 710 in
288 679 350 710 hoc
363 678 496 710 mundo.
510 677 618 710 Posset
633 679 762 719 quidem
777 679 940 718 aestimari,

162 734 247 775 quod
262 733 296 764 in
306 732 475 764 breviariis
488 731 571 763 Ordo
583 732 716 764 haberet
729 734 785 773 jus
795 733 939 772 dominii,

163 787 239 828 quia
253 786 443 818 nominatim
464 786 498 816 in
514 786 658 826 sequenti
682 786 810 817 rubrica
833 795 946 817 conce-

163 840 295 878 duntur,
313 839 375 870 nisi
395 841 485 870 sexta
504 839 633 870 rubrica
650 840 754 870 omnis
773 840 830 878 rei,
855 840 944 871 nulla

164 896 306 934 excepta,
321 893 501 924 dominium
512 893 551 924 ab
560 891 677 924 Ordine
686 893 869 925 excluderet
877 902 944 924 ma-

164 947 287 979 nifeste.

207 1001 359 1042 Sequitur
375 1012 383 1033 z
400 1002 441 1032 In
462 1001 624 1034 castitate.
649 1000 746 1041 Cujus
764 1000 943 1031 observan-

166 1056 222 1094 tia,
236 1055 296 1087 etsi
309 1055 343 1086 in
357 1055 509 1087 omnibus
519 1055 678 1095 religiosis
688 1057 718 1086 et
729 1055 850 1086 clericis
860 1055 944 1086 intra

166 1118 273 1141 sacros
292 1109 502 1140 existentibus
521 1111 569 1140 est
583 1109 703 1149 posita,
725 1110 831 1140 tamen
851 1109 945 1141 altior

166 1163 333 1204 disciplina
345 1163 397 1194 isti
411 1163 516 1195 ordini
531 1165 578 1194 est
592 1163 752 1203 imposita,
769 1172 866 1203 quam
886 1163 944 1194 ali-

166 1217 219 1249 cui
240 1217 379 1249 aliorum
396 1229 402 1248 :
421 1227 494 1249 cum
514 1217 567 1248 hic
587 1218 793 1263 praeceptorie
816 1217 946 1249 interdi-

167 1273 257 1302 catur
268 1271 420 1303 fratribus
433 1280 527 1302 omne
539 1273 723 1311 suspectum
735 1272 943 1310 consortium,

168 1326 200 1356 et
213 1334 253 1356 ne
276 1325 502 1365 ingrediantur
525 1325 692 1356 interiores
715 1325 860 1356 officinas
881 1334 946 1356 mo-

168 1379 314 1417 nialium,
339 1388 399 1410 nec
418 1379 514 1410 etiam
528 1378 596 1409 loca
610 1388 722 1410 earum
735 1379 873 1419 publica,
885 1378 946 1409 nisi

168 1441 209 1463 ex
232 1431 359 1472 speciali
378 1441 493 1471 causa,
520 1433 705 1464 maturitate
732 1433 838 1464 debita
865 1442 947 1473 [11εο-

169 1487 325 1518 existente
340 1487 510 1518 missarum
526 1487 565 1518 ad
581 1487 656 1518 talia
670 1496 896 1528 personarum,
912 1489 948 1518 ut

170 1541 334 1582 sequentia
347 1541 486 1581 amplius
500 1541 718 1572 declarabunt.
736 1540 769 1572 Si
784 1541 856 1581 quis
869 1550 948 1580 ergo

169 1604 279 1626 omnes
302 1595 477 1635 Religiosos
492 1594 526 1625 in
547 1595 597 1626 his
622 1595 725 1626 tribus
746 1595 831 1626 votis
856 1604 948 1635 pares

169 1649 291 1689 asserit,
306 1649 496 1680 obedientiae
515 1649 642 1687 scilicet,
669 1649 946 1689 expropriationis,

170 1705 201 1735 et
216 1703 385 1741 castitatis,
411 1703 577 1734 manifeste
599 1703 673 1734 dicit
696 1703 812 1734 falsum
825 1727 834 1742 ,
856 1705 893 1734 ut
914 1703 948 1734 in

169 1757 348 1788 ohedientia
366 1757 470 1796 patuit
482 1757 589 1795 etiam,
608 1758 639 1787 et
656 1757 775 1797 patebit
790 1757 902 1797 quinta
919 1759 949 1788 et

171 1811 262 1840 sexta
275 1809 423 1848 rubricis,
435 1809 474 1841 de
488 1811 761 1850 expropriatione‚
777 1813 950 1850 0111001101*-

172 1864 259 1901 tate,
291 1864 376 1902 patet
401 1863 495 1894 etiam
522 1863 561 1894 de
591 1864 742 1894 castitatis
770 1864 949 1895 inviolabili

171 1915 346 1947 honestate.
374 1915 439 1946 Etsi
464 1916 590 1947 castitas
615 1917 682 1957 ipsa
713 1916 949 1957 Religiosorum

174 1970 294 2009 gradus
308 1979 373 2001 non
388 1970 501 2008 habet3
519 1970 611 2001 multi
622 1972 730 2002 tamen
743 1973 817 2002 sunt
829 1972 950 2011 gradus

172 2024 346 2064 disciplinae
362 2025 431 2063 ejus
446 2024 645 2055 honestatem
660 2024 880 2056 inviolabilem
895 2026 950 2057 ob-

173 2078 332 2109 servandi.
364 2077 438 2109 Haec
468 2079 515 2109 est
542 2078 644 2117 igitur
672 2078 771 2118 huJus
800 2079 950 2119 perfectio

172 2132 349 2163 summaria
363 2131 563 2162 hierarchiae.
584 2131 646 2163 Sed
667 2141 739 2162 cum
756 2132 947 2172 obedientia,

173 2187 343 2225 paupertas
357 2188 387 2216 et
406 2185 541 2224 castitas,
557 2186 662 2225 partes
677 2185 739 2216 sint
754 2187 950 2226 evangelicae

172 2239 336 2277 doctrinae,
352 2241 462 2280 utpote
476 2239 608 2270 consilia
622 2240 810 2279 evangelica
822 2251 829 2278 3
851 2250 951 2280 quare

173 2292 224 2322 l1ic
249 2292 316 2323 hacc
344 2292 403 2323 tria
430 2293 469 2324 ab
489 2292 666 2332 Evangelio
690 2293 948 2332 distinguuntur,

173 2355 247 2376 011111
269 2346 384 2377 dicitur
407 2356 414 2377 τ
443 2346 595 2379 Sanctum
614 2347 826 2388 Evanqelz'um
851 2347 951 2380 obser-

173 2407 248 2431 vare
265 2399 401 2432 vivendo
413 2401 450 2432 in
465 2400 668 2433 obedientia?
684 2403 743 2432 etc.
758 2400 948 2441 Responsio:

174 2452 296 2493 Duplex
311 2455 358 2484 est
374 2454 534 2494 perfectio,
550 2464 615 2485 una
629 2454 783 2493 formalis,
796 2464 870 2495 quae
881 2465 952 2487 con-

174 2507 256 2537 sistit
269 2507 304 2538 iu
318 2508 480 2539 habitibus
495 2511 526 2539 et
546 2509 670 2539 actibus
689 2509 865 2547 virtutum;
890 2509 952 2540 alia

175 2561 364 2600 materialis,
388 2571 461 2602 quae
482 2562 624 2593 consistit
645 2563 679 2593 in
701 2563 952 2602 congregatione

207 2641 215 2657 ¹
235 2641 334 2672 Matlh-,
358 2648 383 2673 v,
408 2643 431 2668 3.
450 2656 481 2661 —
506 2643 515 2657 ²
537 2643 612 2675 lbid.‚
636 2650 697 2674 xix,
722 2645 759 2668 12.
780 2656 809 2663 —-
831 2644 841 2660 ³
861 2644 952 2676 Eccli„

177 2682 265 2708 xxxa,
285 2679 322 2701 14.

316 2733 392 2756 rom.
414 2733 483 2756 xlv.

1709 186 1764 216 561

993 247 1211 287 consiliorum,
1228 249 1280 281 vel
1294 249 1417 290 legum,
1440 249 1625 282 facientium
1640 259 1697 282 seu
1712 252 1770 283 du-

992 301 1133 333 centium
1153 302 1193 334 ad
1216 305 1335 335 statum
1357 303 1566 344 perfectionis.
1594 304 1703 337 Prima
1717 306 1771 337 in-

992 354 1149 394 telligitur
1163 357 1341 397 specialiter
1360 357 1491 389 nomine
1505 358 1605 389 sancti
1621 358 1769 399 Evange-

992 408 1038 446 lii,
1062 409 1138 448 qnia
1159 410 1230 441 haec
1253 411 1401 451 perfectio
1420 414 1468 443 cst
1490 411 1706 452 principaliter
1726 413 1772 444 in-

993 464 1082 494 tenta
1095 463 1129 494 in
1145 467 1253 497 sancto
1267 465 1445 506 Evangelio
1467 479 1473 497 z
1499 466 1539 497 ad
1561 466 1663 507 ipsam
1686 467 1772 498 enim

994 517 1102 548 omnia
1122 518 1254 549 consilia
1275 520 1464 559 evangelica
1482 520 1681 552 ordinantur.
1700 521 1774 553 Ilaec

995 571 1041 600 est
1069 580 1142 610 quae
1170 573 1331 613 praecipue
1360 574 1391 604 in
1416 583 1562 606 sermone
1591 575 1715 606 Domini
1740 575 1775 606 in

995 626 1104 655 monte
1134 627 1355 665 pertractatur,
1385 637 1459 659 cum
1483 628 1600 660 dicitur
1623 629 1631 646 ¹
1652 640 1659 660 :
1682 630 1777 662 Beati

995 685 1152 718 pauperes
1174 679 1308 718 spiritu,
1330 682 1403 718 etc„
1428 683 1459 712 et
1481 682 1514 713 in
1535 682 1602 713 aliis
1617 683 1776 714 virtutum

997 731 1131 771 regulis,
1149 734 1263 773 utputa
1277 734 1310 764 in
1324 734 1464 766 vitandis
1483 737 1724 778 verbisotiosis,
1747 741 1778 768 et

998 785 1166 818 similibus.
1184 787 1254 818 Alia
1268 797 1345 819 vero
1363 789 1522 829 perfectio,
1541 790 1659 822 scilicet
1674 793 1778 823 mate-

998 839 1096 878 rialis,
1113 840 1153 870 ab
1170 840 1229 872 hac
1245 850 1394 882 expresse
1409 843 1632 883 distinguitur,
1648 853 1722 876 cum
1735 845 1780 876 di-

998 894 1102 925 citur:
1125 895 1270 928 Vivendo
1286 897 1323 928 in
1338 897 1533 937 obedientia,
1550 900 1620 931 sine
1635 901 1778 939 proprio,

1003 950 1033 979 et
1045 948 1082 979 in
1095 949 1254 988 castitate,
1272 950 1384 990 utique
1399 952 1588 991 consiliaria,
1605 954 1636 983 ct
1650 953 1779 992 celebri,

999 1001 1038 1032 de
1052 1010 1116 1041 qua
1137 1002 1214 1033 dicit
1237 1002 1384 1035 Salvator
1396 1006 1407 1021 2
1423 1014 1431 1035 :
1451 1005 1516 1044 Qui
1532 1009 1634 1046 potest
1657 1015 1779 1047 capere,

1000 1056 1122 1095 capiat.

1041 1108 1194 1150 Sequitur
1207 1110 1245 1141 de
1260 1111 1462 1142 obedientiali
1470 1113 1613 1152 eJusdem
1624 1116 1724 1146 status
1734 1124 1783 1146 or-

1000 1163 1174 1202 dinatione,
1195 1173 1251 1204 per
1272 1174 1370 1204 quam
1394 1166 1558 1198 reducitur
1580 1170 1646 1199 tota
1669 1169 1783 1209 religio

1001 1217 1041 1247 ad
1067 1217 1284 1248 hierarchiam
1305 1218 1453 1250 Ecclesiae
1478 1221 1699 1262 principalem.
1721 1222 1784 1254 Pro

1002 1280 1067 1311 quo
1080 1272 1154 1303 dicit
1167 1283 1174 1303 :
1191 1273 1302 1305 Frater
1315 1275 1522 1307 Franciscus.
1536 1275 1602 1308 Hoc
1611 1278 1710 1308 sancti
1725 1287 1783 1308 no-

1003 1334 1078 1356 men
1094 1326 1153 1357 fuit
1168 1327 1390 1368 adventitium,
1408 1338 1482 1360 cum
1496 1330 1634 1361 Joannes
1653 1332 1785 1363 nomine

1003 1380 1133 1420 proprio
1155 1380 1189 1411 in
1213 1382 1457 1420 regeneratione
1479 1384 1603 1424 imponi
1627 1385 1787 1417 diceretur

1003 1433 1109 1473 primo
1124 1443 1143 1464 a
1160 1436 1272 1465 matre.
1291 1435 1456 1469 Promittit
1478 1437 1703 1471 obedientiam.
1721 1439 1786 1470 Etsi

1003 1488 1091 1517 totus
1112 1487 1235 1526 clerus,
1264 1490 1295 1519 01
1317 1489 1544 1529 religiosorum
1571 1492 1784 1532 universitas,

1004 1542 1151 1572 teneatur
1162 1542 1297 1573 firmiter
1307 1542 1486 1583 Apostolico
1499 1545 1635 1577 Domino
1645 1547 1784 1585 obedire,

1005 1596 1113 1626 tamen
1127 1597 1254 1626 sanctus
1267 1596 1344 1627 huic
1354 1597 1459 1629 deblto
1473 1601 1586 1630 votum
1599 1600 1708 1640 adjicit
1718 1610 1787 1641 spe-

1005 1648 1093 1686 ciale,
1116 1649 1218 1680 sciens
1239 1652 1316 1681 voto
1332 1653 1539 1691 supervenire
1557 1654 1613 1694 (a),
1628 1656 1660 1685 et
1674 1655 1785 1686 fortifi-

1005 1703 1070 1733 cari
1083 1703 1165 1734 sacri
1180 1704 1299 1735 ordinis
1317 1705 1496 1745 vinculum,
1513 1709 1544 1738 et
1559 1708 1711 1740 meritum
1727 1719 1784 1750 ge-

1006 1757 1133 1788 minari.
1148 1757 1191 1789 Ετ
1205 1759 1426 1791 reverentiam.
1453 1760 1508 1791 Est
1518 1764 1626 1793 autem
1640 1772 1788 1795 reveren-

1007 1810 1049 1841 tia
1074 1811 1229 1842 exhibitio
1255 1811 1398 1851 honoris,
1425 1815 1599 1853 procedens
1626 1826 1645 1847 a
1672 1817 1787 1850 timore

1005 1864 1104 1902 filiali„
1129 1866 1159 1895 et
1182 1864 1299 1895 humili
1326 1866 1453 1898 affectu.
1486 1867 1575 1900 Unde
1596 1869 1728 1910 Sapiens
1749 1875 1784 1903 ⁸:

1006 1918 1098 1950 Audi
1117 1921 1234 1957 tacens,
1256 1922 1283 1951 et
1304 1927 1361 1959 pro
1385 1922 1561 1954 reverentia
1581 1924 1707 1957 accedet
1726 1926 1787 1959 tibi

1007 1971 1089 2004 bona
1105 1974 1234 2012 qratia,
1251 1973 1327 2012 quia
1341 1975 1521 2007 reverentia
1534 1976 1726 2010 humilitatis
1740 1984 1788 2012 est

1007 2029 1096 2057 actus
1111 2026 1221 2057 fratris
1243 2026 1384 2058 Minoris.
1408 2028 1495 2060 Unde
1509 2030 1621 2062 fratres
1636 2032 1784 2072 Minores,

1007 2080 1088 2110 sicut
1102 2080 1292 2111 humilitatis
1305 2082 1562 2121 profundissimas
1581 2087 1784 2128 professores,

1007 2134 1122 2164 debent
1146 2134 1229 2164 inter
1252 2143 1363 2166 omnes
1386 2146 1513 2169 summe
1527 2141 1668 2171 revereri
1689 2142 1787 2174 Sum—

1008 2197 1098 2218 mum
1114 2187 1324 2228 Pontificem,
1341 2192 1371 2220 et
1388 2190 1477 2231 alios,
1504 2202 1562 2232 pro
1587 2196 1692 2234 gradu
1715 2206 1784 2235 suo,

1007 2242 1041 2272 in
1065 2242 1282 2274 ecclesiasticis
1296 2245 1407 2276 officiis
1431 2248 1628 2281 constitutos.
1652 2251 1785 2285 Domino

1008 2296 1104 2336 Papoe
1127 2296 1279 2336 Honorio,
1304 2306 1340 2330 ac
1357 2303 1589 2334 successorebus
1603 2304 1672 2343 ejus
1689 2314 1786 2338 cano-

1009 2351 1080 2382 nice
1095 2351 1307 2391 intrantibus,
1323 2353 1385 2384 hoc
1398 2356 1455 2393 est,
1472 2357 1527 2395 qui
1539 2359 1710 2390 succedunt
1723 2370 1786 2392 non

1008 2404 1089 2435 facto
1106 2407 1242 2443 tantum,
1262 2406 1315 2437 sed
1335 2408 1429 2446 jure,
1453 2411 1629 2442 secundum
1650 2413 1785 2446 formam

1009 2467 1168 2489 canonum
1185 2459 1360 2492 sublimati.
1378 2462 1419 2493 Ει
1434 2463 1494 2494 alii
1513 2465 1635 2503 fratres
1652 2470 1787 2500 tenean-

1010 2514 1062 2542 tur
1086 2512 1186 2550 fratri
1207 2514 1396 2554 Francisco‚
1417 2519 1446 2548 ec
1469 2517 1536 2556 ejas
1557 2523 1790 2555 successoribus

1819 1242 1907 1263 Francf-

1817 1275 1889 1295 niseus

1817 1307 1889 1332 primo

1806 1339 1898 1359 vocaba-

1801 1370 1908 1391 111110011-

1802 1407 1848 1422 nes.

1820 1456 1909 1477 Fratres

1802 1488 1900 1508 Minores

1802 1525 1846 1545 prae
1871 1525 1907 1540 ce-

1801 1551 1855 1571 teris
1878 1553 1908 1572 te-

1814 1583 1894 1603 nentur

1821 1615 1886 1640 Papae

1809 1644 1898 1666 obedire

1811 1682 1838 1696 ex
1849 1677 1898 1697 voto

1801 1707 1847 1728 sive
1855 1714 1908 1734 prae-

1802 1740 1865 1765 cepto
1876 1745 1909 1760 re-

1801 1771 1867 1797 gulae.

1010 2564 1134 2598 obedire
1157 2577 1164 2597 ε
1188 2569 1224 2598 111
1248 2570 1366 2599 catenae
1389 2578 1506 2617 aureae'
1522 2573 1647 2605 uncinis
1675 2577 1789 2608 mediis
1830 2581 1833 2583 ’

1010 2619 1234 2661 disponuntur,
1256 2622 1300 2653 sic
1320 2623 1486 2656 inferiores
1506 2635 1525 2657 a
1544 2636 1694 2668 supremo
1716 2641 1788 2663 ver-

1043 2685 1076 2716 (a)
1093 2685 1169 2710 Forte
1184 2685 1233 2717 leq.
1250 2687 1456 2717 superveniente.

1611 2739 1649 2768 36
