2060 3052
269 242 310 278 50
628 237 841 274 SERMONES
862 236 912 269 DE
934 233 1101 268 SANCTIS
1123 233 1165 268 IN
1186 233 1381 270 COMMUNI.
1402 235 1512 271 xvtn.

267 312 299 341 in
321 310 447 341 brachio
466 310 583 346 dextro,
607 317 700 348 quam
723 307 852 336 sinistro.
873 304 989 335 Fortius
1008 305 1052 333 est

267 359 406 388 dextrum
418 357 588 394 brachium,
608 358 637 387 et
657 355 697 386 ad
716 352 915 392 pugnandum
929 352 972 380 est
985 358 1050 380 ma-

266 407 311 443 gis
334 408 449 444 aptum,
472 406 547 435 sicut
568 407 597 434 et
613 405 695 442 patet
714 402 754 431 ad
777 408 909 430 sensum.
928 401 970 428 Ex
988 406 1050 436 qua

266 463 367 491 causa,
375 457 408 484 ut
418 455 489 484 dicit
498 453 695 491 Philosophus
705 452 726 488 ¹,
739 461 753 478 a
764 450 814 479 leo
829 449 961 487 primum
973 448 1048 476 dex-

264 504 344 532 trum
358 502 469 540 pedem
480 502 583 530 movet
597 501 628 530 in
643 498 839 529 ambulando.
856 507 870 524 »
885 497 918 526 Et
929 495 1048 531 mulier,

265 557 332 587 quae
345 557 503 586 praegnans
518 551 561 577 est
574 547 720 582 masculo,
733 545 832 574 subito
847 545 964 579 vocata,
980 542 1049 579 plus

263 598 366 626 movet
385 596 494 634 pedem
517 595 668 631 dextrum,
694 601 787 631 quam
809 591 970 620 sinistrum.
991 589 1049 618 Sed

264 645 389 679 constat,
417 643 502 680 quod
526 643 602 672 fides
624 639 857 671 fundamentalis
884 639 976 666 virtus
1005 638 1049 666 est

263 691 399 719 omnium
423 690 566 718 virtutum
590 689 698 726 prima.
723 686 805 716 Unde
834 687 863 714 et
890 683 1048 721 Apostolus

263 738 334 766 dicit
355 738 461 774 (Hebr.,
481 745 523 773 xi,
545 738 589 773 ¹),
611 735 695 773 quod
717 736 760 763 est
780 733 951 767 substantia‚·
965 731 1048 768 quia,

261 785 508 814 sicutsubstantia
522 786 565 813 est
579 783 778 813 accidentium
790 780 925 810 omnium
939 778 1048 807 funda-

262 834 396 862 mentum
408 853 416 867 ,
431 832 474 860 sic
489 833 518 860 et
531 831 607 860 fides
623 830 766 858 virtutum
785 827 921 856 omnium
943 827 972 854 et
991 825 1048 854 do-

261 887 381 909 norum.
397 879 479 908 Unde
494 878 570 908 fides
585 877 766 907 assimilatur
778 875 899 904 cuidam
910 881 1047 910 gemmae,

262 935 329 964 quoe
347 926 456 955 dicitur
475 925 632 961 Alectoria,
649 933 715 962 quae
730 923 760 952 in
776 921 946 951 ventriculis
961 920 1047 957 galli-

261 981 425 1003 naceorum
440 973 598 1008 invenitur,
614 972 698 1008 cujus
716 970 849 999 maxima
871 967 1046 1004 magnitudo

261 1024 304 1051 est
327 1021 366 1051 ad
388 1021 583 1058 quantitatem
601 1020 677 1048 faboe
697 1029 704 1047 ;
730 1018 814 1054 quus
837 1018 858 1052 ²,
881 1015 1047 1045 seeundum

261 1070 423 1106 Magistros,
438 1069 531 1097 virtus
546 1070 598 1102 est,
614 1066 768 1095 hominem
786 1065 816 1093 in
831 1063 991 1092 certamine
1004 1062 1047 1090 in-

260 1116 463 1154 superabilem
495 1114 633 1143 reddere.
662 1113 742 1142 Facit
774 1112 854 1140 enim
891 1110 1047 1138 hominem

260 1165 455 1198 constantem,
481 1164 509 1191 et
531 1162 562 1190 in
585 1161 666 1189 bello
685 1160 839 1188 victorem.
865 1157 943 1192 Quid
967 1156 1047 1185 enirn

258 1210 372 1245 fortius,
389 1218 480 1247 quam
496 1208 644 1237 mundum
657 1208 848 1236 contemnere
859 1205 873 1233 ‘t
885 1204 942 1233 Sed
958 1211 1045 1232 mun-

259 1258 333 1286 dum
346 1256 610 1293 fidesgzonteinnit,
629 1255 703 1283 sicut
719 1254 827 1289 legitur
843 1252 881 1280 de
897 1251 1046 1280 Abraham

259 1306 307 1340 (azl
331 1306 465 1339 Hebroeos,
480 1303 642 1332 undecimo
659 1303 680 1336 ³)
703 1301 785 1338 quod
804 1311 817 1326 a
839 1299 899 1327 tide
920 1297 1047 1335 patriam

260 1353 428 1389 dereliquit.
441 1363 454 1379 u
469 1350 624 1380 Etibidem
637 1350 673 1377 de
684 1351 781 1384 Moyse
791 1347 897 1375 dicitur
910 1345 937 1374 ⁸:
953 1345 1045 1372 «Fide

260 1401 374 1437 Moyses
392 1407 423 1427 se
444 1398 564 1435 negavit
585 1397 680 1425 lilium
702 1396 769 1423 filim
790 1393 962 1427 Pharaonis,
985 1401 1046 1420 nia-

262 1447 306 1484 gis
321 1447 433 1482 eligens
448 1445 539 1480 afiligi
558 1453 627 1473 cum
646 1443 760 1481 populo
783 1442 842 1477 Dei,
859 1449 951 1478 quain
974 1442 1047 1468 tem-

261 1494 373 1530 poralis
392 1493 458 1522 vitm
477 1493 588 1521 habere
610 1491 837 1526 jucunditatem.
855 1500 868 1514 υ
885 1490 953 1516 item
974 1486 1047 1523 quid

261 1541 366 1569 fortius
381 1537 505 1569 dia‘bolo
516 1541 529 1567 ‘t
547 1550 561 1565 «ι
577 1541 640 1567 Non
653 1540 696 1566 est
705 1537 785 1566 euim
797 1537 806 1553 ⁵
818 1537 947 1573 potestas
959 1541 1048 1569 snper

262 1591 381 1623 terram,
396 1596 462 1624 quie
477 1587 569 1623 possit
580 1586 605 1613 ei
619 1584 797 1620 comparari.
813 1594 825 1609 ι)
839 1585 870 1611 lit
881 1584 979 1610 tamen
990 1580 1047 1607 tide

262 1638 401 1671 vincitur,
416 1636 582 1665 seeundum
598 1635 672 1663 illud
689 1634 762 1662 l‘etri
778 1635 787 1649 *ἲ
805 1643 811 1660 ;
828 1643 840 1657 «
857 1630 1048 1659 Adversarius

263 1686 358 1713 vester
379 1684 530 1716 diabolus,
551 1686 694 1718 tanquam
714 1681 760 1709 leo
788 1679 918 1714 rugiens,
947 1677 1049 1705 circuit

264 1740 399 1769 ‘luterens
415 1739 505 1768 quem
521 1730 663 1761 ‹levorct;
691 1728 736 1756 cui
759 1727 880 1755 resistite
905 1726 994 1753 sei-tes
1018 1725 1047 1751 in

264 1779 334 1807 fide.
364 1790 376 1805 n
407 1780 439 1806 Et
463 1779 607 1814 quantum
637 1776 675 1804 ad
700 1775 769 1809 hoc,
795 1774 869 1801 tides
897 1775 940 1800 est
967 1772 1048 1799 simi-

264 1827 300 1855 lis
324 1826 444 1854 cuidam
473 1833 610 1860 gemmae,
638 1822 852 1858 Chrysolytlius
882 1820 1048 1856 appellatu·,

265 1882 332 1911 quae
359 1874 437 1901 lucet
464 1874 496 1900 ut
530 1879 653 1905 aurum,
689 1871 717 1897 et
745 1869 783 1897 ad
819 1867 943 1896 moduni
973 1866 1049 1902 ignis

266 1920 407 1949 scintillas
436 1919 542 1947 emittit
562 1919 582 1944 ⁷.
609 1919 678 1951 Qum
701 1923 822 1951 gemina
844 1915 874 1942 in
897 1922 970 1942 auro
996 1922 1049 1950 po-

266 1969 337 2003 sita,
362 1970 390 1995 et
417 1967 447 1994 in
471 1966 588 1994 sinistro
618 1965 707 1992 latere
733 1965 849 1999 portata
873 1963 922 1997 (ut
946 1961 1046 1995 aiunt),

267 2018 309 2043 est
328 2015 498 2043 daemonum
520 2013 660 2047 l'ugntiva,
689 2015 717 2039 et
744 2011 842 2038 omnis
862 2009 974 2037 timoris
1000 2017 1049 2035 no-

268 2063 362 2090 cturni
381 2061 546 2098 expulsiva.
577 2060 621 2087 Sic
648 2059 723 2086 tides
744 2066 815 2085 vera
837 2059 896 2084 totu
925 2058 967 2083 cst
997 2064 1049 2082 au-

267 2118 329 2144 rea,
350 2109 429 2137 etad
449 2108 575 2136 moduni
592 2107 668 2142 ignis
688 2105 914 2138 iutlnininativa,
936 2106 963 2130 et
982 2103 1049 2130 ideo

268 2158 395 2193 portata,
417 2158 444 2183 et
472 2155 613 2184 omnibus
636 2153 759 2181 sinistris
788 2152 876 2180 rebus
902 2150 1050 2186 opposita,

269 2204 439 2232 tloeinonuin
460 2203 596 2230 oninium
611 2204 638 2229 rt
653 2199 851 2237 periculorum
868 2200 910 2225 est
929 2197 1051 2233 repulsi-

268 2260 316 2279 va.
333 2253 404 2279 ltem
417 2250 490 2286 quid
504 2249 617 2282 fortius⁴
627 2256 718 2283 quain
727 2246 889 2281 subjugare
899 2245 1050 2280 scipsum?

268 2298 326 2327 Sed
345 2306 445 2325 nonne
460 2297 516 2324 hoc
531 2296 597 2323 t'arit
616 2295 709 2322 tides?
726 2296 827 2321 Nonne
852 2292 955 2325 saneti,
976 2291 1051 2318 sicut

269 2346 376 2373 dicitur
391 2346 427 2372 ad
442 2345 564 2372 Heln-(ros
579 2344 598 2376 ⁸,
619 2354 630 2365 ι(
647 2342 675 2369 in
693 2342 751 2368 tide
764 2352 775 2364 ι)
792 2348 850 2367 non
863 2340 961 2367 solum
976 2350 986 2363 κ
998 2338 1050 2366 ol)-

270 2395 441 2420 turaverunt
463 2399 515 2419 ora
536 2391 668 2423 leonum,
697 2388 883 2415 extinxerunt
907 2387 1050 2422 impetum

270 2440 355 2474 iguis,
370 2439 577 2474 etl'ugaverunt
592 2436 685 2464 neieni
705 2435 795 2469 gladii
808 2456 814 2467 ‚
833 2433 1052 2461 com-aluerunt

270 2486 306 2513 de
322 2487 502 2520 infirmitate,
522 2485 611 2511 sortes
632 2483 698 2511 sacti
721 2484 788 2509 sunt
804 2482 832 2508 in
849 2481 940 2514 bello,
957 2483 1051 2507 castra

302 2549 308 2563 ¹
326 2547 490 2575 A1·i.-*t.,llt'.v!.
505 2544 684 2573 <1¹111'111(1l.‚lilJ.
702 2544 731 2571 il,
749 2552 771 2566 ι’.
790 2548 806 2566 l.
824 2556 853 2559 —
870 2543 876 2555 ²*
895 2542 968 2571 Phth,
985 2541 1050 2564 lln'st.

270 2585 364 2611 mitur„
384 2583 427 2606 bl).
448 2582 580 2611 xxxvii,
601 2588 624 2603 v.
647 2585 679 2604 x:
707 2578 797 2605 Solita,
821 2577 956 2606 1’0J1sl11'st.;
982 2576 1051 2605 isid„

271 2619 394 2648 Elismol„
408 2618 451 2641 lib.
470 2618 539 2646 ΧΥΙ,
554 2626 575 2640 ι·.
599 2621 660 2645 xt113
679 2614 772 2638 Allwrt.
791 2614 888 2643 Manu„
909 2616 946 2635 on·
962 2631 967 2637 ,
985 2612 1050 2635 iil-*in

270 2654 357 2678 dicunt.
373 2655 403 2677 de
423 2654 564 2682 Aha-turim,
584 2652 637 2675 sivi·
658 2649 776 2674 Atesim-ii
793 2649 877 2679 spi-ew
894 2656 933 2679 er)
942 2648 1050 2673 staltinn,

269 2689 459 2720 magnitudine,
475 2696 502 2711 :n-
519 2688 610 2711 virtute
621 2706 626 2716 ,
648 2686 796 2717 opinionem
811 2686 927 2707 veterum
945 2684 1050 2707 rvi-itini-

269 2725 482 2756 tes.—³11el)r.,
501 2730 536 2755 Xl,
553 2726 576 2747 ὃ.
595 2737 623 2740 -
638 2724 646 2738 ⁴
662 2722 734 2752 ibid„
751 2724 789 2745 Ji.
802 2733 830 2738 —-
845 2721 853 2737 Β
868 2720 922 2749 jul),
948 2726 996 2749 xm,
1014 2723 1048 2743 Η,

1105 304 1257 334 verterunt
1269 306 1481 342 exterorum‚»
1502 306 1557 335 sed
1579 306 1669 335 etiam
1687 314 1702 333 α
1715 305 1767 335 alii
1780 305 1890 336 extenti

1106 352 1184 387 sunt,
1198 360 1259 381 non
1273 352 1468 390 suspicientes
1481 353 1720 392 redemptionem
1731 362 1741 390 ;
1752 352 1890 382 aliiludi-

1105 398 1173 427 bria
1195 401 1224 428 et
1238 399 1366 429 verbera
1383 401 1508 439 experti,
1525 401 1647 438 insuper
1668 403 1697 430 et
1714 399 1835 430 vincula
1861 402 1891 430 et

1106 453 1250 482 carcereS,
1270 446 1395 484 lapidati
1417 450 1495 484 sunt,
1516 448 1586 477 secti
1600 450 1678 484 sunt,
1694 448 1725 477 in
1741 447 1890 476 occisione

1105 493 1197 528 gladii
1211 493 1321 522 mortui
1335 496 1414 531 sunt,
1429 505 1444 522 n
1461 497 1490 524 et
1503 497 1618 531 caetera,
1630 503 1697 532 quae
1707 495 1749 524 ibi
1759 502 1892 532 sequun-

1105 541 1154 568 tur
1164 541 1179 568 Ἰ

1141 587 1331 617 Nobilissima
1345 589 1448 625 virtus,
1465 591 1493 618 et
1507 589 1708 627 amplexanda
1721 590 1790 619 totis
1799 590 1890 619 visce-

1104 634 1199 670 ribus,
1219 637 1269 664 aut
1288 636 1454 673 affectibus,
1470 645 1538 674 quae
1560 637 1603 665 sic
1625 636 1808 666 intellectum
1820 635 1890 664 illu-

1105 683 1209 718 minat,
1224 683 1265 711 sic
1286 683 1419 712 animam
1441 686 1558 721 purgat,
1579 683 1620 712 sic
1641 683 1731 712 etiam
1750 682 1890 712 affectum

1105 729 1253 765 fortificat,
1269 730 1342 759 dum
1357 731 1506 759 mundum
1522 731 1695 765 contemnit,
1707 730 1834 759 diabolo
1845 737 1891 759 re-

1104 777 1188 812 sistit,
1212 779 1241 805 et
1258 777 1390 814 seipsum
1414 778 1554 807 devincit.
1576 777 1635 807 Sed
1656 777 1731 814 quid
1755 777 1792 806 de
1819 777 1890 812 iliis,

1105 824 1157 861 qui
1172 824 1284 853 habent
1299 824 1392 853 fidem
1417 825 1475 860 Dei,
1501 824 1555 853 sed
1576 824 1747 858 informem,
1769 831 1837 861 quae
1858 824 1889 852 in

1103 871 1311 908 peccatoribus
1340 874 1369 900 et
1398 871 1586 900 daemonibus
1624 871 1797 900 invenitur?
1818 871 1891 908 quia

1104 927 1156 948 eos
1188 919 1295 955 triplex
1324 919 1535 948 inconveniens
1571 919 1715 956 sequitur.
1747 918 1890 953 Primum,

1105 966 1176 1003 quia
1189 966 1367 995 ordinantur
1382 966 1422 994 ad
1437 966 1529 995 finem
1543 965 1684 995 eumdem
1699 973 1769 994 eum
1779 965 1890 994 daemo-

1103 1013 1193 1041 nibus
1215 1022 1222 1041 :
1243 1021 1313 1041 nam
1337 1016 1460 1049 constat,
1485 1013 1609 1050 quando
1638 1012 1766 1050 aliquod
1794 1020 1889 1041 unum

1103 1059 1179 1088 inest
1196 1059 1328 1096 duobus,
1351 1060 1426 1089 inest
1447 1061 1488 1089 eis
1513 1061 1679 1089 secundum
1695 1059 1830 1096 aliquam
1844 1058 1890 1087 di-

1103 1107 1299 1143 spositionem
1314 1115 1518 1140 communem,
1534 1107 1609 1136 sicut
1624 1109 1705 1144 patet
1725 1106 1763 1134 de
1784 1105 1891 1134 identi-

1104 1155 1162 1182 tate
1185 1154 1357 1182 nutrimenti
1383 1155 1414 1183 in
1435 1154 1617 1183 animalibus
1631 1156 1659 1182 et
1673 1154 1794 1191 plantis.
1814 1155 1890 1190 Ergo

1103 1202 1126 1229 si
1144 1202 1219 1230 fides
1234 1202 1369 1230 informis
1384 1202 1459 1230 inest
1477 1203 1685 1239 peccatoribus
1700 1205 1729 1230 et
1745 1202 1890 1231 daemoni-

1105 1250 1171 1284 bus,
1187 1250 1244 1277 hoe
1259 1250 1313 1277 erit
1333 1258 1387 1286 per
1406 1250 1540 1286 aliquam
1565 1250 1791 1286 dispositionem
1807 1258 1886 1278 com-

1104 1305 1236 1325 munem.
1254 1297 1310 1325 Sed
1325 1305 1392 1333 quoe
1407 1300 1475 1325 sunt
1493 1297 1656 1325 consimilis
1675 1297 1889 1334 dispositionis,

1104 1344 1280 1372 ordinantur
1299 1344 1337 1372 ad
1356 1344 1543 1372 consimilem
1557 1345 1658 1372 finem.
1674 1345 1719 1373 Sic
1734 1345 1823 1372 etiam
1838 1352 1889 1381 pa-

1104 1393 1143 1419 tet
1158 1391 1186 1419 in
1202 1392 1345 1419 membris
1361 1392 1502 1419 omnibus
1517 1401 1524 1419 z
1546 1399 1616 1420 nam
1635 1400 1702 1428 quae
1726 1391 1890 1420 consimilis

1106 1438 1311 1475 dispositionis
1326 1439 1530 1472 inveniuntur,
1546 1439 1585 1467 ad
1600 1447 1694 1466 unum
1706 1439 1798 1467 finem
1811 1438 1891 1467 ordi-

1105 1486 1302 1522 nantur,quia
1313 1494 1379 1522 quie
1391 1486 1503 1514 liabent
1516 1485 1654 1514 eamdem
1662 1485 1890 1522 dispositionem

1104 1534 1134 1561 in
1144 1533 1330 1561 lineamentis
1337 1534 1521 1569 vegetativoe,
1532 1533 1677 1561 sensitiwe
1688 1535 1715 1561 et
1725 1532 1888 1568 rationulis,

1105 1582 1282 1609 ordinantur
1303 1582 1341 1609 nd
1362 1582 1451 1610 tinem
1473 1581 1624 1615 eumdem,
1645 1581 1755 1609 scilicet
1770 1581 1808 1609 ad
1825 1581 1890 1609 ani-

1105 1637 1185 1656 mani
1195 1628 1380 1656 rationalem.
1394 1631 1480 1663 Ergo,
1491 1629 1513 1656 si
1524 1629 1615 1656 homo
1626 1628 1733 1663 malm,
1746 1631 1773 1656 et
1781 1628 1889 1656 diabo-

1106 1675 1161 1710 lus,
1180 1677 1291 1703 habent
1306 1675 1444 1704 eamdem
1460 1675 1686 1712 dispositionem
1706 1675 1736 1703 in
1757 1675 1829 1710 fide,
1848 1675 1888 1703 ad

1105 1722 1245 1750 cumdem
1261 1723 1351 1750 tinem
1367 1723 1553 1757 ordinantur,
1570 1722 1680 1750 scilicet
1694 1722 1733 1750 ad
1747 1724 1888 1750 aeternam

1105 1770 1340 1798 damnationem.
1353 1770 1522 1799 Secundum
1532 1769 1745 1798 inconveniens
1756 1772 1808 1804 est,
1816 1769 1889 1805 quia

1105 1818 1199 1853 magis
1223 1818 1463 1854 reprehensibilis
1480 1820 1522 1845 est
1544 1817 1637 1845 homo
1660 1817 1690 1844 in
1714 1817 1770 1844 hac
1794 1819 1886 1853 parte,

1105 1873 1196 1901 quam
1219 1865 1336 1893 dmmon
1359 1875 1364 1893 :
1389 1873 1458 1892 nam
1475 1873 1564 1893 omne
1580 1864 1655 1892 illud
1671 1866 1715 1892 est
1728 1864 1888 1900 reprehen-

1105 1912 1201 1946 sibile,
1219 1912 1301 1948 quod
1322 1920 1383 1940 non
1403 1912 1493 1940 habet
1513 1911 1596 1948 quod
1611 1911 1701 1939 debet
1714 1911 1836 1945 habere,
1852 1919 1888 1939 eo

1107 1962 1249 1995 tempore,
1267 1967 1327 1995 quo
1344 1959 1432 1987 debet
1447 1958 1556 1987 habere
1570 1969 1577 1993 ;
1594 1967 1655 1986 non
1671 1961 1714 1986 est
1728 1961 1825 1986 autem
1841 1958 1887 1985 di-

1106 2016 1198 2043 gnum
1223 2007 1465 2043 reprehensione,
1485 2007 1507 2033 si
1534 2013 1594 2033 non
1616 2005 1707 2032 habet
1725 2005 1809 2040 quod
1828 2013 1889 2033 non

1107 2055 1205 2088 debet,
1220 2054 1264 2081 vel
1281 2062 1316 2081 eo
1333 2056 1476 2089 tempore,
1499 2060 1561 2088 quo
1581 2059 1643 2080 non
1658 2052 1748 2080 debet
1767 2052 1887 2080 habere.

1107 2101 1279 2137 Exemplum
1297 2101 1333 2128 de
1349 2100 1458 2134 catulo,
1474 2100 1525 2135 qui
1540 2099 1592 2127 etsi
1607 2102 1673 2127 ante
1685 2107 1798 2127 nonum
1809 2099 1889 2127 diem

1106 2148 1203 2176 visiun
1232 2156 1292 2175 non
1315 2148 1434 2182 habeat,
1457 2155 1518 2174 non
1539 2148 1637 2174 tamen
1659 2146 1766 2174 dicitur
1785 2154 1889 2181 coecus,

1107 2204 1174 2223 cuni
1190 2195 1271 2232 prius
1286 2195 1397 2222 babere
1421 2202 1481 2221 non
1502 2193 1619 2221 debeat.
1642 2193 1780 2222 Similiter
1800 2196 1828 2222 et
1847 2194 1890 2221 in-

1107 2242 1237 2270 fantulus
1252 2250 1312 2270 non
1330 2244 1372 2269 est
1387 2241 1617 2277 reprehensione
1639 2240 1757 2275 (lignus,
1782 2241 1806 2268 si
1828 2249 1889 2268 non

1107 2299 1174 2317 euin
1197 2289 1335 2317 dentibus
1356 2291 1502 2322 nascatur,
1526 2288 1597 2323 quia
1618 2290 1686 2316 tnnc
1710 2289 1849 2324 temporis
1873 2296 1890 2316 a

1108 2340 1213 2365 natura
1229 2345 1279 2364 cos
1298 2336 1407 2363 habere
1423 2335 1608 2371 prohibetur.
1622 2335 1679 2363 Sed
1692 2337 1751 2362 tam
1763 2335 1888 2367 catulus,

1107 2393 1198 2421 quam
1214 2384 1376 2412 infantulus
1392 2383 1623 2419 re1u·ehensione
1645 2383 1728 2418 (ligni
1744 2385 1849 2417 essent,
1865 2384 1889 2411 si

1104 2433 1165 2467 jam
1182 2432 1260 2459 dicta
1284 2439 1345 2459 non
1366 2431 1512 2458 haberent
1533 2439 1567 2458 eo
1588 2432 1733 2466 tempore,
1754 2438 1815 2466 quo
1838 2430 1889 2459 ha-

1108 2480 1177 2508 bere
1192 2479 1346 2507 deberent.
1364 2478 1538 2514 Exemplum
1552 2478 1582 2505 in
1598 2477 1768 2512 arboribus,
1784 2486 1850 2513 quae,
1865 2478 1888 2505 si

1108 2590 1137 2594 —-
1159 2580 1166 2589 ¹·
1183 2577 1188 2600 1
1208 2577 1286 2606 rernm,
1305 2582 1329 2606 ν,
1349 2578 1372 2599 9.
1439 2576 1448 2592 7
1471 2577 1506 2599 lie
1527 2574 1680 2606 chrysnlinii
1697 2575 1780 2598 miore
1797 2583 1825 2599 ue
1843 2577 1889 2600 vir-

1108 2615 1160 2635 tute
1184 2613 1295 2643 loquitur
1316 2612 1432 2636 ,libertus
1450 2611 1473 2634 in
1498 2611 1539 2634 lib.
1560 2611 1589 2633 «le
1610 2611 1754 2641 luipuldum:
1770 2619 1815 2634 nm·
1837 2619 1888 2635 non

1107 2648 1226 2671 Camillus
1247 2648 1395 2671 Leon-trdus
1415 2647 1438 2670 in
1459 2646 1564 2676 Speculo
1583 2645 1714 2675 lapidum,
1729 2649 1754 2669 et
1776 2647 1887 2671 Burtliol.

1109 2684 1242 2713 Angiirns,
1259 2684 1301 2707 lib.
1320 2684 1390 2713 ΧΥΙ,
1405 2689 1461 2712 cap.
1482 2682 1527 2711 29,
1544 2688 1574 2705 cx
1595 2681 1710 2705 hiasi-or.
1727 2695 1755 2699 —
1776 2686 1782 2691 ·
1803 2683 1888 2713 Helua,

1110 2725 1145 2751 xi,
1165 2721 1247 2743 ‘ri-37.
