<?xml version="1.0" encoding="UTF-8"?>
<!DOCTYPE html PUBLIC "-//W3C//DTD XHTML 1.0 Transitional//EN"
    "http://www.w3.org/TR/xhtml1/DTD/xhtml1-transitional.dtd">
<html xmlns="http://www.w3.org/1999/xhtml" xml:lang="en" lang="en">
 <head>
  <title>
</title>
<meta http-equiv="Content-Type" content="text/html;charset=utf-8" />
  <meta name='ocr-system' content='tesseract 3.04.00' />
  <meta name='ocr-capabilities' content='ocr_page ocr_carea ocr_par ocr_line ocrx_word'/>
</head>
<body>
  <div class='ocr_page' id='page_1' title='image "./operaomniasixtiv14bonauoft/operaomniasixtiv14bonauoft_0637.png"; bbox 0 0 2029 3052; ppageno 0'>
   <div class='ocr_carea' id='block_1_1' title="bbox 608 202 1297 236">
    <p class='ocr_par' dir='ltr' id='par_1_1' title="bbox 608 202 1297 236">
     <span class='ocr_line' id='line_1_1' title="bbox 608 202 1297 236; baseline -0.001 0"><span class='ocrx_word' id='word_1_1' title='bbox 608 204 646 236; x_wconf 83' lang='grc' dir='ltr'>ΙΝ</span> <span class='ocrx_word' id='word_1_2' title='bbox 669 202 862 236; x_wconf 84' lang='lat' dir='ltr'><strong>REGULAM</strong></span> <span class='ocrx_word' id='word_1_3' title='bbox 882 202 1078 236; x_wconf 77' lang='lat' dir='ltr'><strong>FRATRUM</strong></span> <span class='ocrx_word' id='word_1_4' title='bbox 1099 202 1297 236; x_wconf 83' lang='lat' dir='ltr'>MINORUM.</span> 
     </span>
    </p>
   </div>
   <div class='ocr_carea' id='block_1_2' title="bbox 149 271 930 799">
    <p class='ocr_par' dir='ltr' id='par_1_2' title="bbox 149 271 930 799">
     <span class='ocr_line' id='line_1_2' title="bbox 151 271 924 312; baseline 0 -9"><span class='ocrx_word' id='word_1_5' title='bbox 151 273 219 312; x_wconf 84' lang='lat' dir='ltr'>gat,</span> <span class='ocrx_word' id='word_1_6' title='bbox 236 271 446 304; x_wconf 86' lang='lat' dir='ltr'>cuitentionis</span> <span class='ocrx_word' id='word_1_7' title='bbox 459 271 651 304; x_wconf 88' lang='lat' dir='ltr'>vocabulum</span> <span class='ocrx_word' id='word_1_8' title='bbox 663 273 712 304; x_wconf 90' lang='lat' dir='ltr'>est</span> <span class='ocrx_word' id='word_1_9' title='bbox 722 271 924 312; x_wconf 77' lang='lat' dir='ltr'>adJ&#39;unctum.</span> 
     </span>
     <span class='ocr_line' id='line_1_3' title="bbox 150 324 928 366; baseline -0.001 -9"><span class='ocrx_word' id='word_1_10' title='bbox 150 325 241 364; x_wconf 86' lang='lat' dir='ltr'>Quod</span> <span class='ocrx_word' id='word_1_11' title='bbox 255 328 352 366; x_wconf 84' lang='lat' dir='ltr'>patet,</span> <span class='ocrx_word' id='word_1_12' title='bbox 371 326 448 366; x_wconf 87' lang='lat' dir='ltr'>quia</span> <span class='ocrx_word' id='word_1_13' title='bbox 469 335 545 358; x_wconf 88' lang='lat' dir='ltr'>cum</span> <span class='ocrx_word' id='word_1_14' title='bbox 569 325 667 358; x_wconf 88' lang='lat' dir='ltr'>homo</span> <span class='ocrx_word' id='word_1_15' title='bbox 685 325 811 357; x_wconf 87' lang='lat' dir='ltr'>homini</span> <span class='ocrx_word' id='word_1_16' title='bbox 825 324 928 357; x_wconf 88' lang='lat' dir='ltr'>teneri</span> 
     </span>
     <span class='ocr_line' id='line_1_4' title="bbox 149 379 927 420; baseline -0.001 -9"><span class='ocrx_word' id='word_1_17' title='bbox 149 379 266 411; x_wconf 84' lang='lat' dir='ltr'>dicitur</span> <span class='ocrx_word' id='word_1_18' title='bbox 274 379 309 411; x_wconf 91' lang='lat' dir='ltr'>in</span> <span class='ocrx_word' id='word_1_19' title='bbox 319 379 427 420; x_wconf 83' lang='lat' dir='ltr'>aliqua</span> <span class='ocrx_word' id='word_1_20' title='bbox 440 379 585 420; x_wconf 84' lang='lat' dir='ltr'>pecuniae</span> <span class='ocrx_word' id='word_1_21' title='bbox 596 379 784 420; x_wconf 84' lang='lat' dir='ltr'>quantitate,</span> <span class='ocrx_word' id='word_1_22' title='bbox 801 379 927 410; x_wconf 88' lang='lat' dir='ltr'>certum</span> 
     </span>
     <span class='ocr_line' id='line_1_5' title="bbox 149 432 927 474; baseline -0.001 -9"><span class='ocrx_word' id='word_1_23' title='bbox 149 435 197 466; x_wconf 90' lang='lat' dir='ltr'>est</span> <span class='ocrx_word' id='word_1_24' title='bbox 211 433 297 474; x_wconf 86' lang='lat' dir='ltr'>quod</span> <span class='ocrx_word' id='word_1_25' title='bbox 320 433 419 465; x_wconf 89' lang='lat' dir='ltr'>tentio</span> <span class='ocrx_word' id='word_1_26' title='bbox 438 433 669 474; x_wconf 82' lang='lat' dir='ltr'>obligationem</span> <span class='ocrx_word' id='word_1_27' title='bbox 696 433 847 474; x_wconf 82' lang='lat' dir='ltr'><strong>importat</strong></span> <span class='ocrx_word' id='word_1_28' title='bbox 876 432 927 464; x_wconf 89' lang='lat' dir='ltr'>vel</span> 
     </span>
     <span class='ocr_line' id='line_1_6' title="bbox 149 486 928 526; baseline -0.003 -7"><span class='ocrx_word' id='word_1_29' title='bbox 149 487 188 519; x_wconf 83' lang='lat' dir='ltr'>ad</span> <span class='ocrx_word' id='word_1_30' title='bbox 213 486 415 526; x_wconf 84' lang='lat' dir='ltr'>solvendum,</span> <span class='ocrx_word' id='word_1_31' title='bbox 440 489 493 520; x_wconf 89' lang='lat' dir='ltr'>vel</span> <span class='ocrx_word' id='word_1_32' title='bbox 514 487 554 519; x_wconf 87' lang='lat' dir='ltr'>ad</span> <span class='ocrx_word' id='word_1_33' title='bbox 582 487 850 526; x_wconf 81' lang='lat' dir='ltr'>satisfaciendum,</span> <span class='ocrx_word' id='word_1_34' title='bbox 874 486 928 518; x_wconf 91' lang='lat' dir='ltr'>vel</span> 
     </span>
     <span class='ocr_line' id='line_1_7' title="bbox 150 540 928 580; baseline -0.001 -7"><span class='ocrx_word' id='word_1_35' title='bbox 150 540 214 573; x_wconf 84' lang='lat' dir='ltr'>alio</span> <span class='ocrx_word' id='word_1_36' title='bbox 228 540 334 580; x_wconf 89' lang='lat' dir='ltr'>modo,</span> <span class='ocrx_word' id='word_1_37' title='bbox 350 541 412 572; x_wconf 90' lang='lat' dir='ltr'>nisi</span> <span class='ocrx_word' id='word_1_38' title='bbox 419 541 563 573; x_wconf 90' lang='lat' dir='ltr'>debitum</span> <span class='ocrx_word' id='word_1_39' title='bbox 574 541 651 573; x_wconf 90' lang='lat' dir='ltr'>velit</span> <span class='ocrx_word' id='word_1_40' title='bbox 662 541 798 572; x_wconf 75' lang='lat' dir='ltr'>creditor</span> <span class='ocrx_word' id='word_1_41' title='bbox 818 541 928 572; x_wconf 88' lang='lat' dir='ltr'>remit-</span> 
     </span>
     <span class='ocr_line' id='line_1_8' title="bbox 150 593 928 636; baseline 0 -10"><span class='ocrx_word' id='word_1_42' title='bbox 150 596 218 626; x_wconf 82' lang='lat' dir='ltr'>tere</span> <span class='ocrx_word' id='word_1_43' title='bbox 230 593 377 626; x_wconf 85' lang='lat' dir='ltr'>debitori.</span> <span class='ocrx_word' id='word_1_44' title='bbox 394 594 482 627; x_wconf 87' lang='lat' dir='ltr'>Unde</span> <span class='ocrx_word' id='word_1_45' title='bbox 494 595 568 628; x_wconf 84' lang='lat' dir='ltr'>licet</span> <span class='ocrx_word' id='word_1_46' title='bbox 580 595 681 627; x_wconf 85' lang='lat' dir='ltr'>tentio</span> <span class='ocrx_word' id='word_1_47' title='bbox 696 595 928 636; x_wconf 68' lang='lat' dir='ltr'>obligationem</span> 
     </span>
     <span class='ocr_line' id='line_1_9' title="bbox 150 649 928 690; baseline 0 -10"><span class='ocrx_word' id='word_1_48' title='bbox 150 650 252 687; x_wconf 87' lang='lat' dir='ltr'>sonet,</span> <span class='ocrx_word' id='word_1_49' title='bbox 268 650 371 690; x_wconf 87' lang='lat' dir='ltr'>potest</span> <span class='ocrx_word' id='word_1_50' title='bbox 379 650 486 680; x_wconf 85' lang='lat' dir='ltr'>tamen</span> <span class='ocrx_word' id='word_1_51' title='bbox 498 649 576 681; x_wconf 91' lang='lat' dir='ltr'>ordo</span> <span class='ocrx_word' id='word_1_52' title='bbox 589 649 624 680; x_wconf 88' lang='lat' dir='ltr'>in</span> <span class='ocrx_word' id='word_1_53' title='bbox 638 649 834 690; x_wconf 86' lang='lat' dir='ltr'>particulari,</span> <span class='ocrx_word' id='word_1_54' title='bbox 850 651 882 681; x_wconf 89' lang='lat' dir='ltr'>et</span> <span class='ocrx_word' id='word_1_55' title='bbox 895 649 928 681; x_wconf 91' lang='lat' dir='ltr'>in</span> 
     </span>
     <span class='ocr_line' id='line_1_10' title="bbox 149 703 926 745; baseline 0.001 -10"><span class='ocrx_word' id='word_1_56' title='bbox 149 713 237 742; x_wconf 88' lang='lat' dir='ltr'>casu,</span> <span class='ocrx_word' id='word_1_57' title='bbox 254 713 329 736; x_wconf 89' lang='lat' dir='ltr'>cum</span> <span class='ocrx_word' id='word_1_58' title='bbox 351 703 460 745; x_wconf 82' lang='lat' dir='ltr'>aliquo</span> <span class='ocrx_word' id='word_1_59' title='bbox 474 704 657 745; x_wconf 86' lang='lat' dir='ltr'>dispensare</span> <span class='ocrx_word' id='word_1_60' title='bbox 672 705 705 735; x_wconf 92' lang='lat' dir='ltr'>in</span> <span class='ocrx_word' id='word_1_61' title='bbox 722 705 792 745; x_wconf 76' lang='lat' dir='ltr'>Jam</span> <span class='ocrx_word' id='word_1_62' title='bbox 811 704 902 736; x_wconf 85' lang='lat' dir='ltr'>dictis</span> <span class='ocrx_word' id='word_1_63' title='bbox 919 715 926 736; x_wconf 91' lang='lat'>:</span> 
     </span>
     <span class='ocr_line' id='line_1_11' title="bbox 149 757 930 799; baseline 0.001 -10"><span class='ocrx_word' id='word_1_64' title='bbox 149 757 289 799; x_wconf 89' lang='lat' dir='ltr'>exceptis</span> <span class='ocrx_word' id='word_1_65' title='bbox 303 757 367 789; x_wconf 87' lang='lat' dir='ltr'>illis</span> <span class='ocrx_word' id='word_1_66' title='bbox 380 758 414 788; x_wconf 92' lang='lat' dir='ltr'>in</span> <span class='ocrx_word' id='word_1_67' title='bbox 429 758 548 798; x_wconf 88' lang='lat' dir='ltr'>quibus</span> <span class='ocrx_word' id='word_1_68' title='bbox 562 760 648 798; x_wconf 86' lang='lat' dir='ltr'>patet</span> <span class='ocrx_word' id='word_1_69' title='bbox 658 758 869 790; x_wconf 87' lang='lat' dir='ltr'>intentionem</span> <span class='ocrx_word' id='word_1_70' title='bbox 881 767 930 790; x_wconf 88' lang='lat' dir='ltr'>re-</span> 
     </span>
    </p>
   </div>
   <div class='ocr_carea' id='block_1_3' title="bbox 147 811 930 901">
    <p class='ocr_par' dir='ltr' id='par_1_3' title="bbox 147 811 930 901">
     <span class='ocr_line' id='line_1_12' title="bbox 149 811 930 853; baseline 0.003 -11"><span class='ocrx_word' id='word_1_71' title='bbox 149 811 238 852; x_wconf 83' lang='lat' dir='ltr'>gulae</span> <span class='ocrx_word' id='word_1_72' title='bbox 251 811 384 843; x_wconf 91' lang='lat' dir='ltr'>omnino</span> <span class='ocrx_word' id='word_1_73' title='bbox 398 811 605 852; x_wconf 84' lang='lat' dir='ltr'>praeceptorie</span> <span class='ocrx_word' id='word_1_74' title='bbox 614 812 771 852; x_wconf 87' lang='lat' dir='ltr'>obligare,</span> <span class='ocrx_word' id='word_1_75' title='bbox 787 812 837 844; x_wconf 89' lang='lat' dir='ltr'>vel</span> <span class='ocrx_word' id='word_1_76' title='bbox 846 821 930 853; x_wconf 88' lang='lat' dir='ltr'>quo-</span> 
     </span>
     <span class='ocr_line' id='line_1_13' title="bbox 147 860 929 901; baseline 0.001 -9"><span class='ocrx_word' id='word_1_77' title='bbox 147 870 222 892; x_wconf 90' lang='lat' dir='ltr'>rum</span> <span class='ocrx_word' id='word_1_78' title='bbox 237 860 431 901; x_wconf 85' lang='lat' dir='ltr'>transgessio</span> <span class='ocrx_word' id='word_1_79' title='bbox 441 860 640 900; x_wconf 83' lang='lat' dir='ltr'>scandalum,</span> <span class='ocrx_word' id='word_1_80' title='bbox 651 861 704 893; x_wconf 88' lang='lat' dir='ltr'>vel</span> <span class='ocrx_word' id='word_1_81' title='bbox 717 861 847 893; x_wconf 88' lang='lat' dir='ltr'>deordin</span> <span class='ocrx_word' id='word_1_82' title='bbox 853 862 929 893; x_wconf 83' lang='lat' dir='ltr'>atio-</span> 
     </span>
    </p>
   </div>
   <div class='ocr_carea' id='block_1_4' title="bbox 145 914 932 2741">
    <p class='ocr_par' dir='ltr' id='par_1_4' title="bbox 145 914 932 2741">
     <span class='ocr_line' id='line_1_14' title="bbox 147 914 929 955; baseline 0.001 -9"><span class='ocrx_word' id='word_1_83' title='bbox 147 924 223 946; x_wconf 89' lang='lat' dir='ltr'>nem</span> <span class='ocrx_word' id='word_1_84' title='bbox 232 914 407 946; x_wconf 86' lang='lat' dir='ltr'>notabilem</span> <span class='ocrx_word' id='word_1_85' title='bbox 425 917 603 955; x_wconf 79' lang='lat' dir='ltr'>generaret.</span> <span class='ocrx_word' id='word_1_86' title='bbox 615 914 712 947; x_wconf 87' lang='lat' dir='ltr'>Verbi</span> <span class='ocrx_word' id='word_1_87' title='bbox 723 915 838 955; x_wconf 89' lang='lat' dir='ltr'>gratia,</span> <span class='ocrx_word' id='word_1_88' title='bbox 853 925 929 947; x_wconf 84' lang='lat' dir='ltr'>cum</span> 
     </span>
     <span class='ocr_line' id='line_1_15' title="bbox 148 968 930 1009; baseline 0.005 -10"><span class='ocrx_word' id='word_1_89' title='bbox 148 968 265 1000; x_wconf 88' lang='lat' dir='ltr'>dicitur</span> <span class='ocrx_word' id='word_1_90' title='bbox 279 968 384 1009; x_wconf 88' lang='lat' dir='ltr'>primo</span> <span class='ocrx_word' id='word_1_91' title='bbox 399 969 500 1009; x_wconf 89' lang='lat' dir='ltr'>capite</span> <span class='ocrx_word' id='word_1_92' title='bbox 512 980 519 1000; x_wconf 78' lang='lat' dir='ltr'>z</span> <span class='ocrx_word' id='word_1_93' title='bbox 533 969 602 1002; x_wconf 77' lang='lat' dir='ltr'>Alii</span> <span class='ocrx_word' id='word_1_94' title='bbox 623 969 744 1008; x_wconf 76' lang='lat' dir='ltr'>fratres</span> <span class='ocrx_word' id='word_1_95' title='bbox 758 973 930 1004; x_wconf 77' lang='lat' dir='ltr'>teneantur</span> 
     </span>
     <span class='ocr_line' id='line_1_16' title="bbox 150 1022 930 1063; baseline 0.004 -9"><span class='ocrx_word' id='word_1_96' title='bbox 150 1022 251 1061; x_wconf 77' lang='lat' dir='ltr'>fratri</span> <span class='ocrx_word' id='word_1_97' title='bbox 262 1023 448 1062; x_wconf 75' lang='lat' dir='ltr'>Francisco,</span> <span class='ocrx_word' id='word_1_98' title='bbox 470 1025 499 1056; x_wconf 75' lang='lat' dir='ltr'>ec</span> <span class='ocrx_word' id='word_1_99' title='bbox 515 1023 584 1063; x_wconf 66' lang='lat' dir='ltr'>effus</span> <span class='ocrx_word' id='word_1_100' title='bbox 605 1024 839 1056; x_wconf 74' lang='lat' dir='ltr'>successoribus</span> <span class='ocrx_word' id='word_1_101' title='bbox 863 1025 930 1057; x_wconf 85' lang='lat' dir='ltr'>obe-</span> 
     </span>
     <span class='ocr_line' id='line_1_17' title="bbox 149 1075 929 1118; baseline 0.004 -11"><span class='ocrx_word' id='word_1_102' title='bbox 149 1075 230 1115; x_wconf 83' lang='lat' dir='ltr'>dire,</span> <span class='ocrx_word' id='word_1_103' title='bbox 251 1077 338 1117; x_wconf 87' lang='lat' dir='ltr'>patet</span> <span class='ocrx_word' id='word_1_104' title='bbox 352 1077 438 1117; x_wconf 88' lang='lat' dir='ltr'>quod</span> <span class='ocrx_word' id='word_1_105' title='bbox 459 1077 492 1108; x_wconf 92' lang='lat' dir='ltr'>in</span> <span class='ocrx_word' id='word_1_106' title='bbox 511 1077 571 1108; x_wconf 88' lang='lat' dir='ltr'>hoc</span> <span class='ocrx_word' id='word_1_107' title='bbox 594 1087 660 1108; x_wconf 91' lang='lat' dir='ltr'>non</span> <span class='ocrx_word' id='word_1_108' title='bbox 682 1080 784 1118; x_wconf 88' lang='lat' dir='ltr'>potest</span> <span class='ocrx_word' id='word_1_109' title='bbox 799 1078 877 1110; x_wconf 87' lang='lat' dir='ltr'>ordo</span> <span class='ocrx_word' id='word_1_110' title='bbox 894 1079 929 1109; x_wconf 94' lang='lat' dir='ltr'>in</span> 
     </span>
     <span class='ocr_line' id='line_1_18' title="bbox 148 1129 927 1172; baseline 0.004 -12"><span class='ocrx_word' id='word_1_111' title='bbox 148 1129 256 1170; x_wconf 86' lang='lat' dir='ltr'>aliquo</span> <span class='ocrx_word' id='word_1_112' title='bbox 277 1130 473 1170; x_wconf 89' lang='lat' dir='ltr'>dispensare.</span> <span class='ocrx_word' id='word_1_113' title='bbox 489 1131 542 1162; x_wconf 88' lang='lat' dir='ltr'>Sic</span> <span class='ocrx_word' id='word_1_114' title='bbox 563 1131 661 1162; x_wconf 89' lang='lat' dir='ltr'>etiam</span> <span class='ocrx_word' id='word_1_115' title='bbox 685 1133 798 1163; x_wconf 85' lang='lat' dir='ltr'>octavo</span> <span class='ocrx_word' id='word_1_116' title='bbox 814 1133 927 1172; x_wconf 90' lang='lat' dir='ltr'>capite,</span> 
     </span>
     <span class='ocr_line' id='line_1_19' title="bbox 148 1183 928 1225; baseline 0.005 -11"><span class='ocrx_word' id='word_1_117' title='bbox 148 1183 203 1214; x_wconf 88' lang='lat' dir='ltr'>ubi</span> <span class='ocrx_word' id='word_1_118' title='bbox 220 1183 337 1215; x_wconf 87' lang='lat' dir='ltr'>dicitur</span> <span class='ocrx_word' id='word_1_119' title='bbox 354 1195 361 1215; x_wconf 93' lang='lat'><strong>:</strong></span> <span class='ocrx_word' id='word_1_120' title='bbox 383 1185 538 1217; x_wconf 64' lang='lat' dir='ltr'>Universa·</span> <span class='ocrx_word' id='word_1_121' title='bbox 551 1186 671 1225; x_wconf 78' lang='lat' dir='ltr'>fratres</span> <span class='ocrx_word' id='word_1_122' title='bbox 685 1193 788 1217; x_wconf 77' lang='lat' dir='ltr'>unum</span> <span class='ocrx_word' id='word_1_123' title='bbox 804 1186 843 1218; x_wconf 77' lang='lat' dir='ltr'>cle</span> <span class='ocrx_word' id='word_1_124' title='bbox 857 1187 928 1225; x_wconf 75' lang='lat' dir='ltr'>fra-</span> 
     </span>
     <span class='ocr_line' id='line_1_20' title="bbox 149 1237 932 1280; baseline 0.004 -11"><span class='ocrx_word' id='word_1_125' title='bbox 149 1237 255 1270; x_wconf 79' lang='lat' dir='ltr'>tribus</span> <span class='ocrx_word' id='word_1_126' title='bbox 282 1238 380 1271; x_wconf 78' lang='lat' dir='ltr'>istius</span> <span class='ocrx_word' id='word_1_127' title='bbox 410 1239 591 1280; x_wconf 66' lang='lat' dir='ltr'>Beliqz‘omrs</span> <span class='ocrx_word' id='word_1_128' title='bbox 616 1242 791 1272; x_wconf 76' lang='lat' dir='ltr'>teneantur</span> <span class='ocrx_word' id='word_1_129' title='bbox 819 1240 932 1273; x_wconf 81' lang='lat' dir='ltr'>habere</span> 
     </span>
     <span class='ocr_line' id='line_1_21' title="bbox 147 1292 929 1332; baseline 0.003 -8"><span class='ocrx_word' id='word_1_130' title='bbox 147 1299 270 1332; x_wconf 79' lang='lat' dir='ltr'>semper</span> <span class='ocrx_word' id='word_1_131' title='bbox 285 1292 469 1325; x_wconf 81' lang='lat' dir='ltr'>Generalem</span> <span class='ocrx_word' id='word_1_132' title='bbox 488 1294 689 1326; x_wconf 76' lang='lat' dir='ltr'>Ministrnm.</span> <span class='ocrx_word' id='word_1_133' title='bbox 713 1294 751 1325; x_wconf 85' lang='lat' dir='ltr'>Et</span> <span class='ocrx_word' id='word_1_134' title='bbox 776 1295 861 1325; x_wconf 85' lang='lat' dir='ltr'>infra</span> <span class='ocrx_word' id='word_1_135' title='bbox 876 1304 929 1326; x_wconf 87' lang='lat' dir='ltr'>eo-</span> 
     </span>
     <span class='ocr_line' id='line_1_22' title="bbox 148 1345 927 1389; baseline 0.006 -13"><span class='ocrx_word' id='word_1_136' title='bbox 148 1345 222 1377; x_wconf 86' lang='lat' dir='ltr'>dem</span> <span class='ocrx_word' id='word_1_137' title='bbox 249 1346 374 1387; x_wconf 85' lang='lat' dir='ltr'>capite:</span> <span class='ocrx_word' id='word_1_138' title='bbox 410 1347 590 1381; x_wconf 78' lang='lat' dir='ltr'>Teneantur</span> <span class='ocrx_word' id='word_1_139' title='bbox 615 1348 768 1389; x_wconf 74' lang='lat' dir='ltr'>praedicti</span> <span class='ocrx_word' id='word_1_140' title='bbox 795 1350 927 1388; x_wconf 76' lang='lat' dir='ltr'>fratres,</span> 
     </span>
     <span class='ocr_line' id='line_1_23' title="bbox 148 1400 930 1443; baseline 0.006 -12"><span class='ocrx_word' id='word_1_141' title='bbox 148 1400 265 1440; x_wconf 77' lang='lat' dir='ltr'>quibus</span> <span class='ocrx_word' id='word_1_142' title='bbox 279 1400 385 1434; x_wconf 75' lang='lat' dir='ltr'>electio</span> <span class='ocrx_word' id='word_1_143' title='bbox 401 1400 482 1434; x_wconf 76' lang='lat' dir='ltr'>data</span> <span class='ocrx_word' id='word_1_144' title='bbox 506 1404 563 1440; x_wconf 83' lang='lat' dir='ltr'>est,</span> <span class='ocrx_word' id='word_1_145' title='bbox 578 1403 681 1434; x_wconf 73' lang='lat' dir='ltr'>alima</span> <span class='ocrx_word' id='word_1_146' title='bbox 695 1403 878 1443; x_wconf 70' lang='lat' dir='ltr'>sibz&#39;eliqere</span> <span class='ocrx_word' id='word_1_147' title='bbox 893 1405 930 1436; x_wconf 71' lang='grc' dir='ltr'>τη</span> 
     </span>
     <span class='ocr_line' id='line_1_24' title="bbox 148 1454 929 1493; baseline 0.005 -8"><span class='ocrx_word' id='word_1_148' title='bbox 148 1454 322 1493; x_wconf 79' lang='lat' dir='ltr'>custodem,</span> <span class='ocrx_word' id='word_1_149' title='bbox 337 1457 368 1486; x_wconf 91' lang='lat' dir='ltr'>et</span> <span class='ocrx_word' id='word_1_150' title='bbox 382 1455 427 1486; x_wconf 93' lang='lat' dir='ltr'>sic</span> <span class='ocrx_word' id='word_1_151' title='bbox 441 1455 475 1486; x_wconf 91' lang='lat' dir='ltr'>in</span> <span class='ocrx_word' id='word_1_152' title='bbox 495 1456 667 1488; x_wconf 85' lang='lat' dir='ltr'>similibus.</span> <span class='ocrx_word' id='word_1_153' title='bbox 685 1457 721 1488; x_wconf 92' lang='lat' dir='ltr'>In</span> <span class='ocrx_word' id='word_1_154' title='bbox 736 1457 806 1488; x_wconf 87' lang='lat' dir='ltr'>aliis</span> <span class='ocrx_word' id='word_1_155' title='bbox 820 1460 929 1489; x_wconf 88' lang='lat' dir='ltr'>autem</span> 
     </span>
     <span class='ocr_line' id='line_1_25' title="bbox 147 1509 930 1552; baseline 0.004 -12"><span class='ocrx_word' id='word_1_156' title='bbox 147 1509 323 1548; x_wconf 78' lang='lat' dir='ltr'>nonnullis,</span> <span class='ocrx_word' id='word_1_157' title='bbox 339 1510 433 1541; x_wconf 87' lang='lat' dir='ltr'>credo</span> <span class='ocrx_word' id='word_1_158' title='bbox 443 1510 530 1550; x_wconf 87' lang='lat' dir='ltr'>quod</span> <span class='ocrx_word' id='word_1_159' title='bbox 545 1511 623 1542; x_wconf 90' lang='lat' dir='ltr'>ordo</span> <span class='ocrx_word' id='word_1_160' title='bbox 630 1513 732 1551; x_wconf 84' lang='lat' dir='ltr'>potest</span> <span class='ocrx_word' id='word_1_161' title='bbox 744 1511 930 1552; x_wconf 85' lang='lat' dir='ltr'>dispensare</span> 
     </span>
     <span class='ocr_line' id='line_1_26' title="bbox 147 1563 928 1605; baseline 0.005 -12"><span class='ocrx_word' id='word_1_162' title='bbox 147 1563 182 1593; x_wconf 91' lang='lat' dir='ltr'>in</span> <span class='ocrx_word' id='word_1_163' title='bbox 196 1563 394 1603; x_wconf 82' lang='lat' dir='ltr'>particulari,</span> <span class='ocrx_word' id='word_1_164' title='bbox 406 1565 438 1595; x_wconf 92' lang='lat' dir='ltr'>et</span> <span class='ocrx_word' id='word_1_165' title='bbox 452 1564 485 1594; x_wconf 90' lang='lat' dir='ltr'>in</span> <span class='ocrx_word' id='word_1_166' title='bbox 505 1573 593 1596; x_wconf 86' lang='lat' dir='ltr'>casu.</span> <span class='ocrx_word' id='word_1_167' title='bbox 612 1564 703 1596; x_wconf 85' lang='lat' dir='ltr'>Verbi</span> <span class='ocrx_word' id='word_1_168' title='bbox 721 1565 837 1605; x_wconf 87' lang='lat' dir='ltr'>gratia,</span> <span class='ocrx_word' id='word_1_169' title='bbox 852 1575 928 1597; x_wconf 90' lang='lat' dir='ltr'>cum</span> 
     </span>
     <span class='ocr_line' id='line_1_27' title="bbox 147 1616 930 1658; baseline 0.006 -11"><span class='ocrx_word' id='word_1_170' title='bbox 147 1616 263 1648; x_wconf 88' lang='lat' dir='ltr'>dicitur</span> <span class='ocrx_word' id='word_1_171' title='bbox 289 1617 383 1649; x_wconf 85' lang='lat' dir='ltr'>tertio</span> <span class='ocrx_word' id='word_1_172' title='bbox 414 1618 540 1658; x_wconf 86' lang='lat' dir='ltr'>capite:</span> <span class='ocrx_word' id='word_1_173' title='bbox 566 1619 638 1651; x_wconf 82' lang='lat' dir='ltr'>Non</span> <span class='ocrx_word' id='word_1_174' title='bbox 667 1623 840 1652; x_wconf 78' lang='lat' dir='ltr'>teneantur</span> <span class='ocrx_word' id='word_1_175' title='bbox 860 1621 930 1653; x_wconf 80' lang='lat' dir='ltr'>m&#39;si</span> 
     </span>
     <span class='ocr_line' id='line_1_28' title="bbox 147 1671 927 1713; baseline 0.001 -9"><span class='ocrx_word' id='word_1_176' title='bbox 147 1673 241 1704; x_wconf 66' lang='lat' dir='ltr'>secvta</span> <span class='ocrx_word' id='word_1_177' title='bbox 255 1672 339 1711; x_wconf 76' lang='lat' dir='ltr'>feria</span> <span class='ocrx_word' id='word_1_178' title='bbox 346 1671 508 1712; x_wconf 68' lang='lat' dir='ltr'>jejunare,</span> <span class='ocrx_word' id='word_1_179' title='bbox 525 1673 618 1704; x_wconf 87' lang='lat' dir='ltr'>credo</span> <span class='ocrx_word' id='word_1_180' title='bbox 633 1674 718 1713; x_wconf 88' lang='lat' dir='ltr'>quod</span> <span class='ocrx_word' id='word_1_181' title='bbox 734 1674 927 1705; x_wconf 84' lang='lat' dir='ltr'>citramani-</span> 
     </span>
     <span class='ocr_line' id='line_1_29' title="bbox 147 1727 927 1769; baseline 0.003 -12"><span class='ocrx_word' id='word_1_182' title='bbox 147 1727 259 1757; x_wconf 79' lang='lat' dir='ltr'>testam</span> <span class='ocrx_word' id='word_1_183' title='bbox 279 1727 497 1758; x_wconf 84' lang='lat' dir='ltr'>necessitatem</span> <span class='ocrx_word' id='word_1_184' title='bbox 522 1727 669 1758; x_wconf 89' lang='lat' dir='ltr'>subditus</span> <span class='ocrx_word' id='word_1_185' title='bbox 693 1729 819 1759; x_wconf 89' lang='lat' dir='ltr'>tenetur</span> <span class='ocrx_word' id='word_1_186' title='bbox 840 1729 927 1769; x_wconf 80' lang='lat' dir='ltr'>jeJu-</span> 
     </span>
     <span class='ocr_line' id='line_1_30' title="bbox 147 1779 928 1821; baseline 0.004 -11"><span class='ocrx_word' id='word_1_187' title='bbox 147 1780 239 1811; x_wconf 90' lang='lat' dir='ltr'>nium</span> <span class='ocrx_word' id='word_1_188' title='bbox 259 1779 395 1817; x_wconf 87' lang='lat' dir='ltr'>solvere,</span> <span class='ocrx_word' id='word_1_189' title='bbox 422 1780 449 1811; x_wconf 86' lang='lat' dir='ltr'>si</span> <span class='ocrx_word' id='word_1_190' title='bbox 473 1780 625 1821; x_wconf 87' lang='lat' dir='ltr'>Superior</span> <span class='ocrx_word' id='word_1_191' title='bbox 649 1781 838 1821; x_wconf 86' lang='lat' dir='ltr'>imponeret,</span> <span class='ocrx_word' id='word_1_192' title='bbox 865 1782 928 1813; x_wconf 85' lang='lat' dir='ltr'>nisi</span> 
     </span>
     <span class='ocr_line' id='line_1_31' title="bbox 148 1833 926 1874; baseline 0.003 -10"><span class='ocrx_word' id='word_1_193' title='bbox 148 1835 231 1864; x_wconf 88' lang='lat' dir='ltr'>esset</span> <span class='ocrx_word' id='word_1_194' title='bbox 246 1833 360 1864; x_wconf 86' lang='lat' dir='ltr'>solutio</span> <span class='ocrx_word' id='word_1_195' title='bbox 378 1834 493 1874; x_wconf 84' lang='lat' dir='ltr'>jejunii</span> <span class='ocrx_word' id='word_1_196' title='bbox 517 1835 551 1864; x_wconf 88' lang='lat' dir='ltr'>in</span> <span class='ocrx_word' id='word_1_197' title='bbox 574 1835 758 1866; x_wconf 85' lang='lat' dir='ltr'>scandalum</span> <span class='ocrx_word' id='word_1_198' title='bbox 776 1835 926 1867; x_wconf 88' lang='lat' dir='ltr'>aliorum.</span> 
     </span>
     <span class='ocr_line' id='line_1_32' title="bbox 148 1887 927 1930; baseline 0.003 -12"><span class='ocrx_word' id='word_1_199' title='bbox 148 1887 305 1918; x_wconf 87' lang='lat' dir='ltr'>Similiter</span> <span class='ocrx_word' id='word_1_200' title='bbox 317 1887 505 1927; x_wconf 84' lang='lat' dir='ltr'>intelligoin</span> <span class='ocrx_word' id='word_1_201' title='bbox 517 1887 571 1919; x_wconf 90' lang='lat' dir='ltr'>illo</span> <span class='ocrx_word' id='word_1_202' title='bbox 586 1889 685 1919; x_wconf 88' lang='lat' dir='ltr'>verbo</span> <span class='ocrx_word' id='word_1_203' title='bbox 701 1889 828 1929; x_wconf 84' lang='lat' dir='ltr'>septimi</span> <span class='ocrx_word' id='word_1_204' title='bbox 843 1890 927 1930; x_wconf 89' lang='lat' dir='ltr'>capi-</span> 
     </span>
     <span class='ocr_line' id='line_1_33' title="bbox 148 1941 927 1982; baseline 0.005 -10"><span class='ocrx_word' id='word_1_205' title='bbox 148 1941 206 1972; x_wconf 83' lang='lat' dir='ltr'>tuli</span> <span class='ocrx_word' id='word_1_206' title='bbox 230 1952 237 1972; x_wconf 90' lang='lat'>:</span> <span class='ocrx_word' id='word_1_207' title='bbox 272 1942 455 1974; x_wconf 78' lang='lat' dir='ltr'>Teneamur</span> <span class='ocrx_word' id='word_1_208' title='bbox 483 1942 636 1982; x_wconf 72' lang='lat' dir='ltr'>proediccz·</span> <span class='ocrx_word' id='word_1_209' title='bbox 661 1943 780 1982; x_wconf 78' lang='lat' dir='ltr'>fratres</span> <span class='ocrx_word' id='word_1_210' title='bbox 803 1944 848 1976; x_wconf 84' lang='lat' dir='ltr'>ad</span> <span class='ocrx_word' id='word_1_211' title='bbox 876 1952 927 1976; x_wconf 87' lang='lat' dir='ltr'>eos</span> 
     </span>
     <span class='ocr_line' id='line_1_34' title="bbox 147 1996 926 2037; baseline 0 -8"><span class='ocrx_word' id='word_1_212' title='bbox 147 2004 318 2035; x_wconf 76' lang='lat' dir='ltr'>recurrere,</span> <span class='ocrx_word' id='word_1_213' title='bbox 333 1998 363 2028; x_wconf 90' lang='lat' dir='ltr'>et</span> <span class='ocrx_word' id='word_1_214' title='bbox 377 1996 410 2027; x_wconf 85' lang='lat' dir='ltr'>in</span> <span class='ocrx_word' id='word_1_215' title='bbox 432 1997 625 2037; x_wconf 86' lang='lat' dir='ltr'>quibusdam</span> <span class='ocrx_word' id='word_1_216' title='bbox 640 1997 711 2029; x_wconf 86' lang='lat' dir='ltr'>aliis</span> <span class='ocrx_word' id='word_1_217' title='bbox 718 2022 727 2037; x_wconf 73' lang='lat'>,</span> <span class='ocrx_word' id='word_1_218' title='bbox 746 1998 791 2028; x_wconf 92' lang='lat' dir='ltr'>nil</span> <span class='ocrx_word' id='word_1_219' title='bbox 819 2001 926 2029; x_wconf 87' lang='lat' dir='ltr'>tamen</span> 
     </span>
     <span class='ocr_line' id='line_1_35' title="bbox 146 2050 924 2090; baseline 0.004 -9"><span class='ocrx_word' id='word_1_220' title='bbox 146 2050 264 2081; x_wconf 89' lang='lat' dir='ltr'>horum</span> <span class='ocrx_word' id='word_1_221' title='bbox 291 2052 394 2090; x_wconf 86' lang='lat' dir='ltr'>potest</span> <span class='ocrx_word' id='word_1_222' title='bbox 416 2051 494 2082; x_wconf 89' lang='lat' dir='ltr'>ordo</span> <span class='ocrx_word' id='word_1_223' title='bbox 520 2052 712 2090; x_wconf 80' lang='lat' dir='ltr'>generaliter</span> <span class='ocrx_word' id='word_1_224' title='bbox 738 2052 924 2084; x_wconf 87' lang='lat' dir='ltr'>immutare.</span> 
     </span>
     <span class='ocr_line' id='line_1_36' title="bbox 147 2103 926 2145; baseline 0.003 -10"><span class='ocrx_word' id='word_1_225' title='bbox 147 2103 202 2135; x_wconf 84' lang='lat' dir='ltr'>Est</span> <span class='ocrx_word' id='word_1_226' title='bbox 215 2104 312 2135; x_wconf 86' lang='lat' dir='ltr'>etiam</span> <span class='ocrx_word' id='word_1_227' title='bbox 338 2104 468 2136; x_wconf 83' lang='lat' dir='ltr'>tertium</span> <span class='ocrx_word' id='word_1_228' title='bbox 494 2114 610 2145; x_wconf 67' lang='lat' dir='ltr'>geum,</span> <span class='ocrx_word' id='word_1_229' title='bbox 633 2106 690 2137; x_wconf 89' lang='lat' dir='ltr'>ubi</span> <span class='ocrx_word' id='word_1_230' title='bbox 715 2115 774 2137; x_wconf 88' lang='lat' dir='ltr'>nec</span> <span class='ocrx_word' id='word_1_231' title='bbox 800 2107 926 2138; x_wconf 87' lang='lat' dir='ltr'>additur</span> 
     </span>
     <span class='ocr_line' id='line_1_37' title="bbox 146 2158 925 2200; baseline 0.004 -12"><span class='ocrx_word' id='word_1_232' title='bbox 146 2158 331 2198; x_wconf 74' lang='lat' dir='ltr'>praecipere,</span> <span class='ocrx_word' id='word_1_233' title='bbox 348 2167 406 2189; x_wconf 87' lang='lat' dir='ltr'>nec</span> <span class='ocrx_word' id='word_1_234' title='bbox 418 2159 529 2197; x_wconf 88' lang='lat' dir='ltr'>teneri,</span> <span class='ocrx_word' id='word_1_235' title='bbox 545 2159 628 2190; x_wconf 89' lang='lat' dir='ltr'>sicut</span> <span class='ocrx_word' id='word_1_236' title='bbox 640 2162 725 2200; x_wconf 85' lang='lat' dir='ltr'>patet</span> <span class='ocrx_word' id='word_1_237' title='bbox 739 2160 772 2190; x_wconf 90' lang='lat' dir='ltr'>in</span> <span class='ocrx_word' id='word_1_238' title='bbox 785 2161 925 2192; x_wconf 85' lang='lat' dir='ltr'>secundo</span> 
     </span>
     <span class='ocr_line' id='line_1_38' title="bbox 147 2212 925 2253; baseline 0.005 -11"><span class='ocrx_word' id='word_1_239' title='bbox 147 2212 247 2252; x_wconf 88' lang='lat' dir='ltr'>capite</span> <span class='ocrx_word' id='word_1_240' title='bbox 262 2212 295 2242; x_wconf 93' lang='lat' dir='ltr'>in</span> <span class='ocrx_word' id='word_1_241' title='bbox 318 2212 552 2252; x_wconf 87' lang='lat' dir='ltr'>pertinentibus</span> <span class='ocrx_word' id='word_1_242' title='bbox 574 2214 613 2244; x_wconf 86' lang='lat' dir='ltr'>ad</span> <span class='ocrx_word' id='word_1_243' title='bbox 644 2215 857 2253; x_wconf 85' lang='lat' dir='ltr'>receptionem</span> <span class='ocrx_word' id='word_1_244' title='bbox 886 2216 925 2246; x_wconf 88' lang='lat' dir='ltr'>ad</span> 
     </span>
     <span class='ocr_line' id='line_1_39' title="bbox 146 2266 924 2308; baseline 0.004 -12"><span class='ocrx_word' id='word_1_245' title='bbox 146 2266 292 2297; x_wconf 86' lang='lat' dir='ltr'>ordinem</span> <span class='ocrx_word' id='word_1_246' title='bbox 303 2266 515 2305; x_wconf 90' lang='lat' dir='ltr'>venientium,</span> <span class='ocrx_word' id='word_1_247' title='bbox 531 2269 561 2298; x_wconf 91' lang='lat' dir='ltr'>et</span> <span class='ocrx_word' id='word_1_248' title='bbox 571 2267 606 2298; x_wconf 90' lang='lat' dir='ltr'>in</span> <span class='ocrx_word' id='word_1_249' title='bbox 621 2268 715 2299; x_wconf 86' lang='lat' dir='ltr'>tertio</span> <span class='ocrx_word' id='word_1_250' title='bbox 730 2268 763 2298; x_wconf 89' lang='lat' dir='ltr'>in</span> <span class='ocrx_word' id='word_1_251' title='bbox 780 2271 924 2308; x_wconf 87' lang='lat' dir='ltr'>spectan-</span> 
     </span>
     <span class='ocr_line' id='line_1_40' title="bbox 146 2319 926 2362; baseline 0.005 -12"><span class='ocrx_word' id='word_1_252' title='bbox 146 2319 231 2351; x_wconf 83' lang='lat' dir='ltr'>tibus</span> <span class='ocrx_word' id='word_1_253' title='bbox 252 2320 292 2350; x_wconf 89' lang='lat' dir='ltr'>ad</span> <span class='ocrx_word' id='word_1_254' title='bbox 316 2319 463 2351; x_wconf 88' lang='lat' dir='ltr'>divinum</span> <span class='ocrx_word' id='word_1_255' title='bbox 483 2320 638 2359; x_wconf 84' lang='lat' dir='ltr'>officium,</span> <span class='ocrx_word' id='word_1_256' title='bbox 664 2323 695 2352; x_wconf 88' lang='lat' dir='ltr'>et</span> <span class='ocrx_word' id='word_1_257' title='bbox 719 2321 754 2352; x_wconf 89' lang='lat' dir='ltr'>in</span> <span class='ocrx_word' id='word_1_258' title='bbox 778 2322 926 2362; x_wconf 86' lang='lat' dir='ltr'>pluribus</span> 
     </span>
     <span class='ocr_line' id='line_1_41' title="bbox 146 2374 922 2416; baseline 0.005 -12"><span class='ocrx_word' id='word_1_259' title='bbox 146 2374 217 2405; x_wconf 87' lang='lat' dir='ltr'>aliis</span> <span class='ocrx_word' id='word_1_260' title='bbox 236 2376 478 2414; x_wconf 77' lang='lat' dir='ltr'>consequenter,</span> <span class='ocrx_word' id='word_1_261' title='bbox 508 2375 565 2406; x_wconf 92' lang='lat' dir='ltr'>ubi</span> <span class='ocrx_word' id='word_1_262' title='bbox 591 2375 692 2406; x_wconf 87' lang='lat' dir='ltr'>multa</span> <span class='ocrx_word' id='word_1_263' title='bbox 712 2378 818 2407; x_wconf 88' lang='lat' dir='ltr'>essent</span> <span class='ocrx_word' id='word_1_264' title='bbox 840 2386 922 2416; x_wconf 81' lang='lat' dir='ltr'>prae-</span> 
     </span>
     <span class='ocr_line' id='line_1_42' title="bbox 146 2428 924 2469; baseline 0.005 -11"><span class='ocrx_word' id='word_1_265' title='bbox 146 2429 235 2468; x_wconf 87' lang='lat' dir='ltr'>cepta</span> <span class='ocrx_word' id='word_1_266' title='bbox 248 2437 289 2459; x_wconf 81' lang='lat' dir='ltr'>ex</span> <span class='ocrx_word' id='word_1_267' title='bbox 304 2428 481 2459; x_wconf 86' lang='lat' dir='ltr'>intentione</span> <span class='ocrx_word' id='word_1_268' title='bbox 505 2430 711 2469; x_wconf 75' lang='lat' dir='ltr'>mandatoris,</span> <span class='ocrx_word' id='word_1_269' title='bbox 728 2430 788 2461; x_wconf 88' lang='lat' dir='ltr'>nisi</span> <span class='ocrx_word' id='word_1_270' title='bbox 811 2440 924 2462; x_wconf 87' lang='lat' dir='ltr'>eorum</span> 
     </span>
     <span class='ocr_line' id='line_1_43' title="bbox 145 2482 924 2522; baseline 0.004 -9"><span class='ocrx_word' id='word_1_271' title='bbox 145 2482 358 2522; x_wconf 83' lang='lat' dir='ltr'>transgressio</span> <span class='ocrx_word' id='word_1_272' title='bbox 383 2483 568 2514; x_wconf 84' lang='lat' dir='ltr'>scandalum</span> <span class='ocrx_word' id='word_1_273' title='bbox 596 2485 627 2514; x_wconf 88' lang='lat' dir='ltr'>et</span> <span class='ocrx_word' id='word_1_274' title='bbox 650 2484 924 2516; x_wconf 86' lang='lat' dir='ltr'>deordinationem</span> 
     </span>
     <span class='ocr_line' id='line_1_44' title="bbox 146 2536 922 2578; baseline 0.003 -11"><span class='ocrx_word' id='word_1_275' title='bbox 146 2536 320 2568; x_wconf 83' lang='lat' dir='ltr'>notabilem</span> <span class='ocrx_word' id='word_1_276' title='bbox 337 2539 517 2576; x_wconf 85' lang='lat' dir='ltr'>generaret.</span> <span class='ocrx_word' id='word_1_277' title='bbox 538 2536 626 2568; x_wconf 86' lang='lat' dir='ltr'>Circa</span> <span class='ocrx_word' id='word_1_278' title='bbox 641 2547 778 2577; x_wconf 87' lang='lat' dir='ltr'>quorum</span> <span class='ocrx_word' id='word_1_279' title='bbox 794 2539 922 2578; x_wconf 87' lang='lat' dir='ltr'>dispen-</span> 
     </span>
     <span class='ocr_line' id='line_1_45' title="bbox 147 2590 923 2632; baseline 0.005 -12"><span class='ocrx_word' id='word_1_280' title='bbox 147 2590 302 2621; x_wconf 83' lang='lat' dir='ltr'>sationem</span> <span class='ocrx_word' id='word_1_281' title='bbox 318 2590 350 2621; x_wconf 92' lang='lat' dir='ltr'>in</span> <span class='ocrx_word' id='word_1_282' title='bbox 363 2590 549 2631; x_wconf 81' lang='lat' dir='ltr'>particulari</span> <span class='ocrx_word' id='word_1_283' title='bbox 560 2591 707 2630; x_wconf 82' lang='lat' dir='ltr'>intelligo</span> <span class='ocrx_word' id='word_1_284' title='bbox 725 2592 821 2629; x_wconf 79' lang='lat' dir='ltr'>idem,</span> <span class='ocrx_word' id='word_1_285' title='bbox 837 2593 923 2632; x_wconf 87' lang='lat' dir='ltr'>quod</span> 
     </span>
     <span class='ocr_line' id='line_1_46' title="bbox 148 2644 925 2686; baseline 0.004 -11"><span class='ocrx_word' id='word_1_286' title='bbox 148 2644 232 2675; x_wconf 81' lang='lat' dir='ltr'>circa</span> <span class='ocrx_word' id='word_1_287' title='bbox 246 2646 442 2685; x_wconf 65' lang='lat' dir='ltr'>praeceptum</span> <span class='ocrx_word' id='word_1_288' title='bbox 454 2645 584 2676; x_wconf 87' lang='lat' dir='ltr'>secundi</span> <span class='ocrx_word' id='word_1_289' title='bbox 592 2645 712 2676; x_wconf 86' lang='lat' dir='ltr'>ordinis</span> <span class='ocrx_word' id='word_1_290' title='bbox 727 2648 774 2677; x_wconf 88' lang='lat' dir='ltr'>est</span> <span class='ocrx_word' id='word_1_291' title='bbox 789 2647 925 2686; x_wconf 82' lang='lat' dir='ltr'>praedic-</span> 
     </span>
     <span class='ocr_line' id='line_1_47' title="bbox 149 2698 925 2741; baseline 0.004 -12"><span class='ocrx_word' id='word_1_292' title='bbox 149 2701 229 2729; x_wconf 81' lang='lat' dir='ltr'>tum.</span> <span class='ocrx_word' id='word_1_293' title='bbox 247 2698 333 2730; x_wconf 82' lang='lat' dir='ltr'>Inter</span> <span class='ocrx_word' id='word_1_294' title='bbox 343 2708 417 2739; x_wconf 84' lang='lat' dir='ltr'>quae</span> <span class='ocrx_word' id='word_1_295' title='bbox 429 2699 523 2730; x_wconf 87' lang='lat' dir='ltr'>etiam</span> <span class='ocrx_word' id='word_1_296' title='bbox 532 2699 606 2736; x_wconf 85' lang='lat' dir='ltr'>alia,</span> <span class='ocrx_word' id='word_1_297' title='bbox 627 2708 701 2739; x_wconf 83' lang='lat' dir='ltr'>quae</span> <span class='ocrx_word' id='word_1_298' title='bbox 723 2709 787 2731; x_wconf 92' lang='lat' dir='ltr'>non</span> <span class='ocrx_word' id='word_1_299' title='bbox 811 2709 925 2741; x_wconf 82' lang='lat' dir='ltr'>praece-</span> 
     </span>
    </p>
   </div>
   <div class='ocr_carea' id='block_1_5' title="bbox 1705 211 1764 241">
    <p class='ocr_par' dir='ltr' id='par_1_5' title="bbox 1705 211 1764 241">
     <span class='ocr_line' id='line_1_48' title="bbox 1705 211 1764 241; baseline 0.017 -1"><span class='ocrx_word' id='word_1_300' title='bbox 1705 211 1764 241; x_wconf 82' lang='lat'>599</span> 
     </span>
    </p>
   </div>
   <div class='ocr_carea' id='block_1_6' title="bbox 984 271 1765 584">
    <p class='ocr_par' dir='ltr' id='par_1_6' title="bbox 984 271 1765 584">
     <span class='ocr_line' id='line_1_49' title="bbox 985 271 1761 318; baseline 0.008 -16"><span class='ocrx_word' id='word_1_301' title='bbox 985 271 1087 312; x_wconf 85' lang='lat' dir='ltr'>ptorie</span> <span class='ocrx_word' id='word_1_302' title='bbox 1115 272 1322 314; x_wconf 63' lang='lat' dir='ltr'>inseruntur,</span> <span class='ocrx_word' id='word_1_303' title='bbox 1345 284 1404 307; x_wconf 87' lang='lat' dir='ltr'>nec</span> <span class='ocrx_word' id='word_1_304' title='bbox 1433 277 1465 307; x_wconf 92' lang='lat' dir='ltr'>in</span> <span class='ocrx_word' id='word_1_305' title='bbox 1479 277 1606 316; x_wconf 80' lang='lat' dir='ltr'>speciali</span> <span class='ocrx_word' id='word_1_306' title='bbox 1621 276 1761 318; x_wconf 87' lang='lat' dir='ltr'>amplius</span> 
     </span>
     <span class='ocr_line' id='line_1_50' title="bbox 985 327 1762 371; baseline 0.008 -13"><span class='ocrx_word' id='word_1_307' title='bbox 985 327 1120 364; x_wconf 84' lang='lat' dir='ltr'>diffinio,</span> <span class='ocrx_word' id='word_1_308' title='bbox 1143 329 1205 360; x_wconf 88' lang='lat' dir='ltr'>nisi</span> <span class='ocrx_word' id='word_1_309' title='bbox 1226 332 1262 361; x_wconf 85' lang='lat' dir='ltr'>ut</span> <span class='ocrx_word' id='word_1_310' title='bbox 1288 331 1397 362; x_wconf 87' lang='lat' dir='ltr'>omnia</span> <span class='ocrx_word' id='word_1_311' title='bbox 1419 331 1544 371; x_wconf 72' lang='lat' dir='ltr'>regulae</span> <span class='ocrx_word' id='word_1_312' title='bbox 1565 332 1663 364; x_wconf 89' lang='lat' dir='ltr'>verba</span> <span class='ocrx_word' id='word_1_313' title='bbox 1687 341 1762 364; x_wconf 87' lang='lat' dir='ltr'>cum</span> 
     </span>
     <span class='ocr_line' id='line_1_51' title="bbox 985 382 1765 426; baseline 0.006 -14"><span class='ocrx_word' id='word_1_314' title='bbox 985 382 1165 413; x_wconf 87' lang='lat' dir='ltr'>reverentia</span> <span class='ocrx_word' id='word_1_315' title='bbox 1199 384 1404 423; x_wconf 83' lang='lat' dir='ltr'>recipiantur,</span> <span class='ocrx_word' id='word_1_316' title='bbox 1429 387 1460 416; x_wconf 86' lang='lat' dir='ltr'>et</span> <span class='ocrx_word' id='word_1_317' title='bbox 1484 386 1627 426; x_wconf 87' lang='lat' dir='ltr'>ipsorum</span> <span class='ocrx_word' id='word_1_318' title='bbox 1654 389 1765 417; x_wconf 86' lang='lat' dir='ltr'>trans-</span> 
     </span>
     <span class='ocr_line' id='line_1_52' title="bbox 986 435 1765 476; baseline 0.008 -11"><span class='ocrx_word' id='word_1_319' title='bbox 986 435 1109 474; x_wconf 85' lang='lat' dir='ltr'>gressio</span> <span class='ocrx_word' id='word_1_320' title='bbox 1133 437 1258 476; x_wconf 90' lang='lat' dir='ltr'>penitus</span> <span class='ocrx_word' id='word_1_321' title='bbox 1275 437 1451 469; x_wconf 84' lang='lat' dir='ltr'>devitetur:</span> <span class='ocrx_word' id='word_1_322' title='bbox 1475 448 1550 470; x_wconf 90' lang='lat' dir='ltr'>cum</span> <span class='ocrx_word' id='word_1_323' title='bbox 1573 441 1698 471; x_wconf 90' lang='lat' dir='ltr'>certum</span> <span class='ocrx_word' id='word_1_324' title='bbox 1723 441 1765 472; x_wconf 85' lang='lat' dir='ltr'>sit</span> 
     </span>
     <span class='ocr_line' id='line_1_53' title="bbox 984 488 1763 534; baseline 0.008 -15"><span class='ocrx_word' id='word_1_325' title='bbox 984 488 1134 528; x_wconf 86' lang='lat' dir='ltr'>regulam</span> <span class='ocrx_word' id='word_1_326' title='bbox 1157 499 1215 530; x_wconf 90' lang='lat' dir='ltr'>pro</span> <span class='ocrx_word' id='word_1_327' title='bbox 1245 490 1317 531; x_wconf 86' lang='lat' dir='ltr'>lege</span> <span class='ocrx_word' id='word_1_328' title='bbox 1340 492 1420 530; x_wconf 86' lang='lat' dir='ltr'>dari,</span> <span class='ocrx_word' id='word_1_329' title='bbox 1443 501 1501 524; x_wconf 91' lang='lat' dir='ltr'>nec</span> <span class='ocrx_word' id='word_1_330' title='bbox 1524 492 1639 534; x_wconf 86' lang='lat' dir='ltr'>aliquis</span> <span class='ocrx_word' id='word_1_331' title='bbox 1656 493 1763 534; x_wconf 86' lang='lat' dir='ltr'>alege</span> 
     </span>
     <span class='ocr_line' id='line_1_54' title="bbox 985 543 1701 584; baseline 0.01 -12"><span class='ocrx_word' id='word_1_332' title='bbox 985 543 1151 582; x_wconf 89' lang='lat' dir='ltr'>avertitur,</span> <span class='ocrx_word' id='word_1_333' title='bbox 1168 544 1246 584; x_wconf 91' lang='lat' dir='ltr'>quin</span> <span class='ocrx_word' id='word_1_334' title='bbox 1261 545 1299 576; x_wconf 89' lang='lat' dir='ltr'>ad</span> <span class='ocrx_word' id='word_1_335' title='bbox 1313 546 1460 578; x_wconf 79' lang='lat' dir='ltr'>tenebras</span> <span class='ocrx_word' id='word_1_336' title='bbox 1480 549 1701 579; x_wconf 82' lang='lat' dir='ltr'>convertatur.</span> 
     </span>
    </p>
   </div>
   <div class='ocr_carea' id='block_1_7' title="bbox 1054 641 1693 670">
    <p class='ocr_par' dir='ltr' id='par_1_7' title="bbox 1054 641 1693 670">
     <span class='ocr_line' id='line_1_55' title="bbox 1054 641 1693 670; baseline 0.006 -6"><span class='ocrx_word' id='word_1_337' title='bbox 1054 641 1259 666; x_wconf 79' lang='lat' dir='ltr'><strong>CONTINUATIO</strong></span> <span class='ocrx_word' id='word_1_338' title='bbox 1279 644 1534 669; x_wconf 78' lang='lat' dir='ltr'><strong>CONFIRMATIONIS</strong></span> <span class='ocrx_word' id='word_1_339' title='bbox 1556 647 1693 670; x_wconf 83' lang='lat' dir='ltr'>REGULAE.</span> 
     </span>
    </p>
   </div>
   <div class='ocr_carea' id='block_1_8' title="bbox 985 702 1767 1117">
    <p class='ocr_par' dir='ltr' id='par_1_8' title="bbox 985 702 1767 1117">
     <span class='ocr_line' id='line_1_56' title="bbox 1027 702 1765 745; baseline 0.011 -11"><span class='ocrx_word' id='word_1_340' title='bbox 1027 702 1113 735; x_wconf 86' lang='lat' dir='ltr'>Nulli</span> <span class='ocrx_word' id='word_1_341' title='bbox 1129 713 1209 745; x_wconf 87' lang='lat' dir='ltr'>ergo</span> <span class='ocrx_word' id='word_1_342' title='bbox 1228 707 1359 738; x_wconf 91' lang='lat' dir='ltr'>omnino</span> <span class='ocrx_word' id='word_1_343' title='bbox 1378 707 1549 740; x_wconf 89' lang='lat' dir='ltr'>hominum</span> <span class='ocrx_word' id='word_1_344' title='bbox 1573 710 1665 741; x_wconf 87' lang='lat' dir='ltr'>liceat</span> <span class='ocrx_word' id='word_1_345' title='bbox 1681 711 1765 742; x_wconf 88' lang='lat' dir='ltr'>hanc</span> 
     </span>
     <span class='ocr_line' id='line_1_57' title="bbox 986 753 1761 800; baseline 0.01 -17"><span class='ocrx_word' id='word_1_346' title='bbox 986 753 1139 793; x_wconf 83' lang='lat' dir='ltr'>paginam</span> <span class='ocrx_word' id='word_1_347' title='bbox 1165 757 1286 787; x_wconf 82' lang='lat' dir='ltr'>nostrae</span> <span class='ocrx_word' id='word_1_348' title='bbox 1300 757 1551 789; x_wconf 84' lang='lat' dir='ltr'>confirmationis</span> <span class='ocrx_word' id='word_1_349' title='bbox 1571 759 1761 800; x_wconf 84' lang='lat' dir='ltr'>infringere,</span> 
     </span>
     <span class='ocr_line' id='line_1_58' title="bbox 987 805 1764 852; baseline 0.008 -15"><span class='ocrx_word' id='word_1_350' title='bbox 987 805 1038 837; x_wconf 91' lang='lat' dir='ltr'>vel</span> <span class='ocrx_word' id='word_1_351' title='bbox 1053 805 1081 836; x_wconf 90' lang='lat' dir='ltr'>ei</span> <span class='ocrx_word' id='word_1_352' title='bbox 1094 815 1176 838; x_wconf 87' lang='lat' dir='ltr'>ausu</span> <span class='ocrx_word' id='word_1_353' title='bbox 1191 808 1361 840; x_wconf 83' lang='lat' dir='ltr'>temerario</span> <span class='ocrx_word' id='word_1_354' title='bbox 1376 810 1546 842; x_wconf 84' lang='lat' dir='ltr'>contraire.</span> <span class='ocrx_word' id='word_1_355' title='bbox 1569 811 1601 842; x_wconf 81' lang='lat' dir='ltr'>Si</span> <span class='ocrx_word' id='word_1_356' title='bbox 1618 812 1690 852; x_wconf 80' lang='lat' dir='ltr'>quis</span> <span class='ocrx_word' id='word_1_357' title='bbox 1705 821 1764 843; x_wconf 88' lang='lat' dir='ltr'>au-</span> 
     </span>
     <span class='ocr_line' id='line_1_59' title="bbox 986 859 1764 904; baseline 0.008 -14"><span class='ocrx_word' id='word_1_358' title='bbox 986 862 1051 890; x_wconf 86' lang='lat' dir='ltr'>tem</span> <span class='ocrx_word' id='word_1_359' title='bbox 1066 859 1126 891; x_wconf 89' lang='lat' dir='ltr'>hoc</span> <span class='ocrx_word' id='word_1_360' title='bbox 1134 862 1290 893; x_wconf 85' lang='lat' dir='ltr'>attentare</span> <span class='ocrx_word' id='word_1_361' title='bbox 1302 864 1556 904; x_wconf 82' lang='lat' dir='ltr'>praesumpserit,</span> <span class='ocrx_word' id='word_1_362' title='bbox 1569 864 1764 904; x_wconf 86' lang='lat' dir='ltr'>indignatio-</span> 
     </span>
     <span class='ocr_line' id='line_1_60' title="bbox 985 915 1767 956; baseline 0.009 -12"><span class='ocrx_word' id='word_1_363' title='bbox 985 922 1062 944; x_wconf 91' lang='lat' dir='ltr'>nem</span> <span class='ocrx_word' id='word_1_364' title='bbox 1077 915 1305 955; x_wconf 88' lang='lat' dir='ltr'>omnipotentis</span> <span class='ocrx_word' id='word_1_365' title='bbox 1322 916 1387 956; x_wconf 85' lang='lat' dir='ltr'>Dei,</span> <span class='ocrx_word' id='word_1_366' title='bbox 1403 920 1434 949; x_wconf 91' lang='lat' dir='ltr'>et</span> <span class='ocrx_word' id='word_1_367' title='bbox 1450 918 1618 950; x_wconf 88' lang='lat' dir='ltr'>beatorum</span> <span class='ocrx_word' id='word_1_368' title='bbox 1635 919 1720 951; x_wconf 92' lang='lat' dir='ltr'>Petri</span> <span class='ocrx_word' id='word_1_369' title='bbox 1735 923 1767 951; x_wconf 86' lang='lat' dir='ltr'>et</span> 
     </span>
     <span class='ocr_line' id='line_1_61' title="bbox 987 967 1764 1012; baseline 0.009 -13"><span class='ocrx_word' id='word_1_370' title='bbox 987 967 1087 1008; x_wconf 87' lang='lat' dir='ltr'>Pauli,</span> <span class='ocrx_word' id='word_1_371' title='bbox 1104 969 1331 1010; x_wconf 88' lang='lat' dir='ltr'>Apostolorum</span> <span class='ocrx_word' id='word_1_372' title='bbox 1355 974 1434 1012; x_wconf 77' lang='lat' dir='ltr'>eius,</span> <span class='ocrx_word' id='word_1_373' title='bbox 1461 983 1494 1004; x_wconf 88' lang='lat' dir='ltr'>se</span> <span class='ocrx_word' id='word_1_374' title='bbox 1515 975 1643 1006; x_wconf 88' lang='lat' dir='ltr'>noverit</span> <span class='ocrx_word' id='word_1_375' title='bbox 1657 975 1764 1006; x_wconf 86' lang='lat' dir='ltr'>incur-</span> 
     </span>
     <span class='ocr_line' id='line_1_62' title="bbox 986 1024 1767 1065; baseline 0.01 -12"><span class='ocrx_word' id='word_1_376' title='bbox 986 1031 1111 1055; x_wconf 88' lang='lat' dir='ltr'>surum.</span> <span class='ocrx_word' id='word_1_377' title='bbox 1128 1024 1243 1055; x_wconf 86' lang='lat' dir='ltr'>Datum</span> <span class='ocrx_word' id='word_1_378' title='bbox 1257 1024 1417 1065; x_wconf 86' lang='lat' dir='ltr'>Laterani,</span> <span class='ocrx_word' id='word_1_379' title='bbox 1437 1036 1471 1058; x_wconf 84' lang='lat'>111</span> <span class='ocrx_word' id='word_1_380' title='bbox 1491 1027 1622 1060; x_wconf 87' lang='lat' dir='ltr'>Kalend.</span> <span class='ocrx_word' id='word_1_381' title='bbox 1639 1029 1767 1061; x_wconf 88' lang='lat' dir='ltr'>Decem-</span> 
     </span>
     <span class='ocr_line' id='line_1_63' title="bbox 987 1077 1577 1117; baseline 0.012 -9"><span class='ocrx_word' id='word_1_382' title='bbox 987 1077 1063 1117; x_wconf 86' lang='lat' dir='ltr'>bris,</span> <span class='ocrx_word' id='word_1_383' title='bbox 1077 1078 1283 1110; x_wconf 82' lang='lat' dir='ltr'>Pontiticatus</span> <span class='ocrx_word' id='word_1_384' title='bbox 1294 1080 1395 1111; x_wconf 86' lang='lat' dir='ltr'>nostri</span> <span class='ocrx_word' id='word_1_385' title='bbox 1410 1090 1494 1114; x_wconf 89' lang='lat' dir='ltr'>anno</span> <span class='ocrx_word' id='word_1_386' title='bbox 1509 1092 1577 1115; x_wconf 75' lang='lat' dir='ltr'>vui.</span> 
     </span>
    </p>
   </div>
   <div class='ocr_carea' id='block_1_9' title="bbox 1266 1175 1487 1205">
    <p class='ocr_par' dir='ltr' id='par_1_9' title="bbox 1266 1175 1487 1205">
     <span class='ocr_line' id='line_1_64' title="bbox 1266 1175 1487 1205; baseline 0.005 -3"><span class='ocrx_word' id='word_1_387' title='bbox 1266 1175 1487 1205; x_wconf 78' lang='lat' dir='ltr'>EXPOSITIO.</span> 
     </span>
    </p>
   </div>
   <div class='ocr_carea' id='block_1_10' title="bbox 979 1240 1768 2733">
    <p class='ocr_par' dir='ltr' id='par_1_10' title="bbox 979 1240 1768 2688">
     <span class='ocr_line' id='line_1_65' title="bbox 1027 1240 1766 1286; baseline 0.009 -15"><span class='ocrx_word' id='word_1_388' title='bbox 1027 1240 1120 1272; x_wconf 73' lang='lat' dir='ltr'><em>Nulli</em></span> <span class='ocrx_word' id='word_1_389' title='bbox 1134 1248 1215 1282; x_wconf 70' lang='lat' dir='ltr'>erqo.</span> <span class='ocrx_word' id='word_1_390' title='bbox 1239 1241 1314 1273; x_wconf 87' lang='lat' dir='ltr'>Haec</span> <span class='ocrx_word' id='word_1_391' title='bbox 1330 1245 1377 1273; x_wconf 88' lang='lat' dir='ltr'>est</span> <span class='ocrx_word' id='word_1_392' title='bbox 1399 1252 1472 1283; x_wconf 85' lang='lat' dir='ltr'>pars</span> <span class='ocrx_word' id='word_1_393' title='bbox 1496 1244 1589 1276; x_wconf 79' lang='lat' dir='ltr'>tertia</span> <span class='ocrx_word' id='word_1_394' title='bbox 1613 1246 1766 1286; x_wconf 84' lang='lat' dir='ltr'>epistolae,</span> 
     </span>
     <span class='ocr_line' id='line_1_66' title="bbox 987 1294 1766 1338; baseline 0.009 -14"><span class='ocrx_word' id='word_1_395' title='bbox 987 1294 1124 1325; x_wconf 83' lang='lat' dir='ltr'>aliarum</span> <span class='ocrx_word' id='word_1_396' title='bbox 1140 1295 1335 1334; x_wconf 70' lang='lat' dir='ltr'>conclusiva,</span> <span class='ocrx_word' id='word_1_397' title='bbox 1354 1297 1408 1327; x_wconf 84' lang='lat' dir='ltr'>ubi</span> <span class='ocrx_word' id='word_1_398' title='bbox 1423 1297 1488 1328; x_wconf 89' lang='lat' dir='ltr'>duo</span> <span class='ocrx_word' id='word_1_399' title='bbox 1503 1299 1666 1338; x_wconf 86' lang='lat' dir='ltr'>notabilia,</span> <span class='ocrx_word' id='word_1_400' title='bbox 1683 1301 1766 1331; x_wconf 86' lang='lat' dir='ltr'>scili-</span> 
     </span>
     <span class='ocr_line' id='line_1_67' title="bbox 987 1348 1767 1392; baseline 0.009 -14"><span class='ocrx_word' id='word_1_401' title='bbox 987 1350 1036 1379; x_wconf 87' lang='lat' dir='ltr'>cet</span> <span class='ocrx_word' id='word_1_402' title='bbox 1050 1348 1173 1387; x_wconf 78' lang='lat' dir='ltr'>regulae</span> <span class='ocrx_word' id='word_1_403' title='bbox 1188 1349 1350 1388; x_wconf 84' lang='lat' dir='ltr'>stabilitio,</span> <span class='ocrx_word' id='word_1_404' title='bbox 1364 1353 1394 1381; x_wconf 86' lang='lat' dir='ltr'>et</span> <span class='ocrx_word' id='word_1_405' title='bbox 1404 1352 1558 1392; x_wconf 87' lang='lat' dir='ltr'>temporis</span> <span class='ocrx_word' id='word_1_406' title='bbox 1572 1353 1767 1385; x_wconf 86' lang='lat' dir='ltr'>determina-</span> 
     </span>
     <span class='ocr_line' id='line_1_68' title="bbox 987 1403 1765 1447; baseline 0.012 -15"><span class='ocrx_word' id='word_1_407' title='bbox 987 1403 1041 1433; x_wconf 82' lang='lat' dir='ltr'>tio.</span> <span class='ocrx_word' id='word_1_408' title='bbox 1059 1403 1121 1434; x_wconf 85' lang='lat' dir='ltr'>Pro</span> <span class='ocrx_word' id='word_1_409' title='bbox 1134 1404 1239 1443; x_wconf 86' lang='lat' dir='ltr'>primo</span> <span class='ocrx_word' id='word_1_410' title='bbox 1255 1404 1349 1436; x_wconf 78' lang='lat' dir='ltr'>dicit:</span> <span class='ocrx_word' id='word_1_411' title='bbox 1371 1405 1462 1438; x_wconf 72' lang='lat' dir='ltr'>Nulli</span> <span class='ocrx_word' id='word_1_412' title='bbox 1477 1414 1549 1447; x_wconf 69' lang='lat' dir='ltr'>erqo</span> <span class='ocrx_word' id='word_1_413' title='bbox 1564 1409 1694 1441; x_wconf 76' lang='lat' dir='ltr'>omnino</span> <span class='ocrx_word' id='word_1_414' title='bbox 1710 1410 1765 1442; x_wconf 85' lang='grc' dir='ltr'>1ιο-</span> 
     </span>
     <span class='ocr_line' id='line_1_69' title="bbox 986 1458 1768 1504; baseline 0.012 -17"><span class='ocrx_word' id='word_1_415' title='bbox 986 1458 1111 1489; x_wconf 76' lang='lat' dir='ltr'>minum</span> <span class='ocrx_word' id='word_1_416' title='bbox 1127 1458 1220 1490; x_wconf 71' lang='lat' dir='ltr'>liceat</span> <span class='ocrx_word' id='word_1_417' title='bbox 1237 1458 1319 1490; x_wconf 71' lang='lat' dir='ltr'>lzcmo</span> <span class='ocrx_word' id='word_1_418' title='bbox 1341 1461 1499 1500; x_wconf 69' lang='lat' dir='ltr'>payz&#39;nam</span> <span class='ocrx_word' id='word_1_419' title='bbox 1517 1465 1637 1494; x_wconf 61' lang='lat' dir='ltr'>nostra)</span> <span class='ocrx_word' id='word_1_420' title='bbox 1650 1465 1768 1504; x_wconf 77' lang='lat' dir='ltr'>confir-</span> 
     </span>
     <span class='ocr_line' id='line_1_70' title="bbox 987 1513 1767 1554; baseline 0.012 -11"><span class='ocrx_word' id='word_1_421' title='bbox 987 1513 1141 1544; x_wconf 74' lang='lat' dir='ltr'>mationis</span> <span class='ocrx_word' id='word_1_422' title='bbox 1166 1514 1356 1554; x_wconf 71' lang='lat' dir='ltr'>infrinqere,</span> <span class='ocrx_word' id='word_1_423' title='bbox 1376 1516 1426 1547; x_wconf 78' lang='lat' dir='ltr'>vel</span> <span class='ocrx_word' id='word_1_424' title='bbox 1442 1516 1473 1548; x_wconf 74' lang='lat' dir='ltr'>ei</span> <span class='ocrx_word' id='word_1_425' title='bbox 1488 1524 1571 1548; x_wconf 79' lang='lat' dir='ltr'>ausu</span> <span class='ocrx_word' id='word_1_426' title='bbox 1596 1520 1767 1552; x_wconf 73' lang='lat' dir='ltr'>temerario</span> 
     </span>
     <span class='ocr_line' id='line_1_71' title="bbox 986 1566 1763 1611; baseline 0.009 -14"><span class='ocrx_word' id='word_1_427' title='bbox 986 1567 1156 1598; x_wconf 75' lang='lat' dir='ltr'>contraire.</span> <span class='ocrx_word' id='word_1_428' title='bbox 1179 1566 1270 1604; x_wconf 83' lang='lat' dir='ltr'>Quod</span> <span class='ocrx_word' id='word_1_429' title='bbox 1290 1569 1398 1599; x_wconf 87' lang='lat' dir='ltr'>tamen</span> <span class='ocrx_word' id='word_1_430' title='bbox 1426 1569 1546 1601; x_wconf 81' lang='lat' dir='ltr'>faciunt</span> <span class='ocrx_word' id='word_1_431' title='bbox 1558 1571 1763 1611; x_wconf 81' lang='lat' dir='ltr'>detractores,</span> 
     </span>
     <span class='ocr_line' id='line_1_72' title="bbox 985 1620 1765 1664; baseline 0.009 -13"><span class='ocrx_word' id='word_1_432' title='bbox 985 1620 1134 1659; x_wconf 74' lang='lat' dir='ltr'>regulam</span> <span class='ocrx_word' id='word_1_433' title='bbox 1147 1621 1261 1660; x_wconf 87' lang='lat' dir='ltr'>ipsam,</span> <span class='ocrx_word' id='word_1_434' title='bbox 1276 1623 1306 1652; x_wconf 87' lang='lat' dir='ltr'>et</span> <span class='ocrx_word' id='word_1_435' title='bbox 1320 1622 1446 1661; x_wconf 74' lang='lat' dir='ltr'>regulae</span> <span class='ocrx_word' id='word_1_436' title='bbox 1459 1623 1716 1664; x_wconf 71' lang='lat' dir='ltr'>declarationem,</span> <span class='ocrx_word' id='word_1_437' title='bbox 1733 1629 1765 1658; x_wconf 89' lang='lat' dir='ltr'>et</span> 
     </span>
     <span class='ocr_line' id='line_1_73' title="bbox 984 1673 1764 1715; baseline 0.012 -12"><span class='ocrx_word' id='word_1_438' title='bbox 984 1673 1120 1705; x_wconf 84' lang='lat' dir='ltr'>fratrum</span> <span class='ocrx_word' id='word_1_439' title='bbox 1138 1676 1424 1715; x_wconf 79' lang='lat' dir='ltr'>conversationem,</span> <span class='ocrx_word' id='word_1_440' title='bbox 1451 1678 1536 1709; x_wconf 90' lang='lat' dir='ltr'>trino</span> <span class='ocrx_word' id='word_1_441' title='bbox 1552 1679 1663 1710; x_wconf 86' lang='lat' dir='ltr'>ordine</span> <span class='ocrx_word' id='word_1_442' title='bbox 1686 1681 1764 1712; x_wconf 89' lang='lat' dir='ltr'>den-</span> 
     </span>
     <span class='ocr_line' id='line_1_74' title="bbox 984 1727 1765 1774; baseline 0.01 -16"><span class='ocrx_word' id='word_1_443' title='bbox 984 1727 1065 1759; x_wconf 89' lang='lat' dir='ltr'>tium</span> <span class='ocrx_word' id='word_1_444' title='bbox 1080 1728 1265 1760; x_wconf 63' lang='lat' dir='ltr'>lacerantes</span> <span class='ocrx_word' id='word_1_445' title='bbox 1290 1729 1378 1761; x_wconf 83' lang='lat' dir='ltr'>Unde</span> <span class='ocrx_word' id='word_1_446' title='bbox 1401 1734 1535 1762; x_wconf 85' lang='lat' dir='ltr'>caveant</span> <span class='ocrx_word' id='word_1_447' title='bbox 1558 1733 1598 1763; x_wconf 89' lang='lat' dir='ltr'>ab</span> <span class='ocrx_word' id='word_1_448' title='bbox 1613 1742 1661 1772; x_wconf 89' lang='lat' dir='ltr'>eo,</span> <span class='ocrx_word' id='word_1_449' title='bbox 1679 1735 1765 1774; x_wconf 87' lang='lat' dir='ltr'>quod</span> 
     </span>
     <span class='ocr_line' id='line_1_75' title="bbox 984 1783 1766 1828; baseline 0.012 -16"><span class='ocrx_word' id='word_1_450' title='bbox 984 1783 1147 1823; x_wconf 84' lang='lat' dir='ltr'>sequitur:</span> <span class='ocrx_word' id='word_1_451' title='bbox 1168 1784 1203 1815; x_wconf 72' lang='lat' dir='ltr'>Si·</span> <span class='ocrx_word' id='word_1_452' title='bbox 1216 1787 1322 1816; x_wconf 76' lang='lat' dir='ltr'>autem</span> <span class='ocrx_word' id='word_1_453' title='bbox 1344 1785 1418 1824; x_wconf 76' lang='lat' dir='ltr'>quis</span> <span class='ocrx_word' id='word_1_454' title='bbox 1438 1785 1494 1817; x_wconf 78' lang='lat' dir='ltr'>hoc</span> <span class='ocrx_word' id='word_1_455' title='bbox 1511 1790 1667 1819; x_wconf 78' lang='lat' dir='ltr'>attentare</span> <span class='ocrx_word' id='word_1_456' title='bbox 1683 1797 1766 1828; x_wconf 73' lang='lat' dir='ltr'>prce-</span> 
     </span>
     <span class='ocr_line' id='line_1_76' title="bbox 983 1838 1761 1882; baseline 0.012 -15"><span class='ocrx_word' id='word_1_457' title='bbox 983 1838 1169 1876; x_wconf 67' lang='lat' dir='ltr'>sumpscric,</span> <span class='ocrx_word' id='word_1_458' title='bbox 1181 1838 1442 1878; x_wconf 72' lang='lat' dir='ltr'>z&#39;mte‘qnationem</span> <span class='ocrx_word' id='word_1_459' title='bbox 1452 1840 1681 1880; x_wconf 68' lang='lat' dir='ltr'>omnipotentis</span> <span class='ocrx_word' id='word_1_460' title='bbox 1691 1843 1761 1882; x_wconf 71' lang='lat' dir='ltr'>Dei,</span> 
     </span>
     <span class='ocr_line' id='line_1_77' title="bbox 984 1891 1762 1935; baseline 0.008 -13"><span class='ocrx_word' id='word_1_461' title='bbox 984 1895 1014 1923; x_wconf 75' lang='lat' dir='ltr'>et</span> <span class='ocrx_word' id='word_1_462' title='bbox 1028 1892 1091 1922; x_wconf 90' lang='lat' dir='ltr'>BB.</span> <span class='ocrx_word' id='word_1_463' title='bbox 1108 1891 1206 1930; x_wconf 73' lang='lat' dir='ltr'>Petri,</span> <span class='ocrx_word' id='word_1_464' title='bbox 1229 1895 1257 1923; x_wconf 77' lang='lat' dir='ltr'>et</span> <span class='ocrx_word' id='word_1_465' title='bbox 1283 1892 1378 1924; x_wconf 77' lang='grc' dir='ltr'><em>Ραηιι·</em></span> <span class='ocrx_word' id='word_1_466' title='bbox 1399 1894 1620 1933; x_wconf 72' lang='lat' dir='ltr'>Apostolorum</span> <span class='ocrx_word' id='word_1_467' title='bbox 1635 1895 1715 1935; x_wconf 74' lang='lat' dir='ltr'>ejus,</span> <span class='ocrx_word' id='word_1_468' title='bbox 1729 1905 1762 1928; x_wconf 78' lang='lat' dir='ltr'>se</span> 
     </span>
     <span class='ocr_line' id='line_1_78' title="bbox 984 1946 1763 1988; baseline 0.009 -13"><span class='ocrx_word' id='word_1_469' title='bbox 984 1946 1108 1977; x_wconf 72' lang='lat' dir='ltr'>noverit</span> <span class='ocrx_word' id='word_1_470' title='bbox 1123 1946 1342 1977; x_wconf 76' lang='lat' dir='ltr'>incursurimz.</span> <span class='ocrx_word' id='word_1_471' title='bbox 1355 1946 1415 1977; x_wconf 86' lang='lat' dir='ltr'>Pro</span> <span class='ocrx_word' id='word_1_472' title='bbox 1431 1949 1574 1988; x_wconf 84' lang='lat' dir='ltr'>tempore</span> <span class='ocrx_word' id='word_1_473' title='bbox 1584 1949 1671 1980; x_wconf 89' lang='lat' dir='ltr'>addit</span> <span class='ocrx_word' id='word_1_474' title='bbox 1683 1960 1689 1981; x_wconf 92' lang='lat'>:</span> <span class='ocrx_word' id='word_1_475' title='bbox 1700 1951 1763 1983; x_wconf 84' lang='lat' dir='ltr'>Da-</span> 
     </span>
     <span class='ocr_line' id='line_1_79' title="bbox 983 2000 1762 2042; baseline 0.004 -10"><span class='ocrx_word' id='word_1_476' title='bbox 983 2000 1230 2037; x_wconf 69' lang='lat' dir='ltr'>tumLalercmz&#39;,</span> <span class='ocrx_word' id='word_1_477' title='bbox 1242 2000 1274 2030; x_wconf 90' lang='lat' dir='ltr'>id</span> <span class='ocrx_word' id='word_1_478' title='bbox 1285 2000 1371 2030; x_wconf 86' lang='lat' dir='ltr'>estin</span> <span class='ocrx_word' id='word_1_479' title='bbox 1387 2001 1460 2031; x_wconf 88' lang='lat' dir='ltr'>sede</span> <span class='ocrx_word' id='word_1_480' title='bbox 1472 2002 1629 2042; x_wconf 86' lang='lat' dir='ltr'>imperiali</span> <span class='ocrx_word' id='word_1_481' title='bbox 1646 2003 1762 2035; x_wconf 85' lang='lat' dir='ltr'>Christi</span> 
     </span>
     <span class='ocr_line' id='line_1_80' title="bbox 981 2054 1758 2097; baseline 0.009 -14"><span class='ocrx_word' id='word_1_482' title='bbox 981 2054 1103 2084; x_wconf 87' lang='lat' dir='ltr'>nomini</span> <span class='ocrx_word' id='word_1_483' title='bbox 1119 2055 1311 2085; x_wconf 83' lang='lat' dir='ltr'>consecrata.</span> <span class='ocrx_word' id='word_1_484' title='bbox 1335 2064 1369 2085; x_wconf 92' lang='lat'>111</span> <span class='ocrx_word' id='word_1_485' title='bbox 1387 2055 1551 2087; x_wconf 79' lang='lat' dir='ltr'>Kalendas</span> <span class='ocrx_word' id='word_1_486' title='bbox 1570 2057 1758 2097; x_wconf 73' lang='lat' dir='ltr'>Decembris,</span> 
     </span>
     <span class='ocr_line' id='line_1_81' title="bbox 981 2107 1761 2151; baseline 0.006 -13"><span class='ocrx_word' id='word_1_487' title='bbox 981 2108 1031 2138; x_wconf 90' lang='lat' dir='ltr'>die</span> <span class='ocrx_word' id='word_1_488' title='bbox 1047 2108 1159 2148; x_wconf 83' lang='lat' dir='ltr'>quinto</span> <span class='ocrx_word' id='word_1_489' title='bbox 1175 2107 1280 2139; x_wconf 84' lang='lat' dir='ltr'>Sancti</span> <span class='ocrx_word' id='word_1_490' title='bbox 1307 2108 1483 2147; x_wconf 79' lang='lat' dir='ltr'>Saturnini,</span> <span class='ocrx_word' id='word_1_491' title='bbox 1500 2118 1573 2149; x_wconf 80' lang='lat' dir='ltr'>quae</span> <span class='ocrx_word' id='word_1_492' title='bbox 1596 2113 1643 2141; x_wconf 88' lang='lat' dir='ltr'>est</span> <span class='ocrx_word' id='word_1_493' title='bbox 1656 2112 1761 2151; x_wconf 85' lang='lat' dir='ltr'>prima</span> 
     </span>
     <span class='ocr_line' id='line_1_82' title="bbox 981 2161 1760 2201; baseline 0.008 -10"><span class='ocrx_word' id='word_1_494' title='bbox 981 2161 1098 2192; x_wconf 85' lang='lat' dir='ltr'>scilicet</span> <span class='ocrx_word' id='word_1_495' title='bbox 1112 2161 1351 2193; x_wconf 84' lang='lat' dir='ltr'>solemnitatum</span> <span class='ocrx_word' id='word_1_496' title='bbox 1364 2163 1451 2201; x_wconf 86' lang='lat' dir='ltr'>anni,</span> <span class='ocrx_word' id='word_1_497' title='bbox 1469 2165 1648 2195; x_wconf 85' lang='lat' dir='ltr'>secundum</span> <span class='ocrx_word' id='word_1_498' title='bbox 1662 2174 1760 2197; x_wconf 88' lang='lat' dir='ltr'>revo-</span> 
     </span>
     <span class='ocr_line' id='line_1_83' title="bbox 980 2215 1759 2258; baseline 0.006 -12"><span class='ocrx_word' id='word_1_499' title='bbox 980 2215 1138 2246; x_wconf 87' lang='lat' dir='ltr'>lutionem</span> <span class='ocrx_word' id='word_1_500' title='bbox 1162 2215 1297 2247; x_wconf 85' lang='lat' dir='ltr'>Romani</span> <span class='ocrx_word' id='word_1_501' title='bbox 1313 2216 1418 2255; x_wconf 86' lang='lat' dir='ltr'>officii,</span> <span class='ocrx_word' id='word_1_502' title='bbox 1435 2220 1470 2248; x_wconf 88' lang='lat' dir='ltr'>ut</span> <span class='ocrx_word' id='word_1_503' title='bbox 1485 2220 1590 2258; x_wconf 82' lang='lat' dir='ltr'>pateat</span> <span class='ocrx_word' id='word_1_504' title='bbox 1604 2219 1688 2251; x_wconf 82' lang='lat' dir='ltr'>hane</span> <span class='ocrx_word' id='word_1_505' title='bbox 1704 2230 1759 2251; x_wconf 88' lang='lat' dir='ltr'>re·-</span> 
     </span>
     <span class='ocr_line' id='line_1_84' title="bbox 981 2270 1760 2313; baseline 0.006 -13"><span class='ocrx_word' id='word_1_506' title='bbox 981 2270 1092 2309; x_wconf 88' lang='lat' dir='ltr'>gulam</span> <span class='ocrx_word' id='word_1_507' title='bbox 1105 2279 1171 2301; x_wconf 86' lang='lat' dir='ltr'>esse</span> <span class='ocrx_word' id='word_1_508' title='bbox 1186 2271 1409 2302; x_wconf 81' lang='lat' dir='ltr'>renovativam</span> <span class='ocrx_word' id='word_1_509' title='bbox 1421 2273 1544 2311; x_wconf 85' lang='lat' dir='ltr'>gaudii,</span> <span class='ocrx_word' id='word_1_510' title='bbox 1557 2274 1644 2313; x_wconf 87' lang='lat' dir='ltr'>quod</span> <span class='ocrx_word' id='word_1_511' title='bbox 1654 2283 1760 2305; x_wconf 85' lang='lat' dir='ltr'>annus</span> 
     </span>
     <span class='ocr_line' id='line_1_85' title="bbox 980 2324 1759 2367; baseline 0.008 -14"><span class='ocrx_word' id='word_1_512' title='bbox 980 2324 1190 2363; x_wconf 83' lang='lat' dir='ltr'>benignitatis</span> <span class='ocrx_word' id='word_1_513' title='bbox 1214 2324 1341 2355; x_wconf 89' lang='lat' dir='ltr'>Domini</span> <span class='ocrx_word' id='word_1_514' title='bbox 1369 2325 1549 2357; x_wconf 76' lang='lat' dir='ltr'>introduxit</span> <span class='ocrx_word' id='word_1_515' title='bbox 1570 2338 1576 2358; x_wconf 89' lang='lat'>:</span> <span class='ocrx_word' id='word_1_516' title='bbox 1607 2336 1680 2367; x_wconf 83' lang='lat' dir='ltr'>quae</span> <span class='ocrx_word' id='word_1_517' title='bbox 1713 2330 1759 2359; x_wconf 88' lang='lat' dir='ltr'>est</span> 
     </span>
     <span class='ocr_line' id='line_1_86' title="bbox 980 2377 1758 2420; baseline 0.006 -13"><span class='ocrx_word' id='word_1_518' title='bbox 980 2378 1076 2408; x_wconf 87' lang='lat' dir='ltr'>etiam</span> <span class='ocrx_word' id='word_1_519' title='bbox 1100 2377 1212 2417; x_wconf 79' lang='lat' dir='ltr'>vigilia</span> <span class='ocrx_word' id='word_1_520' title='bbox 1243 2379 1343 2409; x_wconf 85' lang='lat' dir='ltr'>sancti</span> <span class='ocrx_word' id='word_1_521' title='bbox 1371 2379 1508 2411; x_wconf 82' lang='lat' dir='ltr'>Andreae</span> <span class='ocrx_word' id='word_1_522' title='bbox 1536 2380 1690 2420; x_wconf 85' lang='lat' dir='ltr'>Apostoli,</span> <span class='ocrx_word' id='word_1_523' title='bbox 1722 2384 1758 2412; x_wconf 86' lang='lat' dir='ltr'>ut</span> 
     </span>
     <span class='ocr_line' id='line_1_87' title="bbox 980 2432 1757 2472; baseline 0.006 -11"><span class='ocrx_word' id='word_1_524' title='bbox 980 2432 1082 2462; x_wconf 81' lang='lat' dir='ltr'>sciant</span> <span class='ocrx_word' id='word_1_525' title='bbox 1104 2441 1217 2463; x_wconf 85' lang='lat' dir='ltr'>omnes</span> <span class='ocrx_word' id='word_1_526' title='bbox 1240 2432 1340 2472; x_wconf 84' lang='lat' dir='ltr'>hujus</span> <span class='ocrx_word' id='word_1_527' title='bbox 1372 2434 1494 2472; x_wconf 61' lang='lat' dir='ltr'>regulae</span> <span class='ocrx_word' id='word_1_528' title='bbox 1519 2434 1757 2466; x_wconf 82' lang='lat' dir='ltr'>observantiam</span> 
     </span>
     <span class='ocr_line' id='line_1_88' title="bbox 979 2485 1757 2529; baseline 0.005 -14"><span class='ocrx_word' id='word_1_529' title='bbox 979 2494 1046 2516; x_wconf 88' lang='lat' dir='ltr'>esse</span> <span class='ocrx_word' id='word_1_530' title='bbox 1069 2485 1212 2524; x_wconf 82' lang='lat' dir='ltr'>vigiliam</span> <span class='ocrx_word' id='word_1_531' title='bbox 1233 2486 1464 2526; x_wconf 64' lang='lat' dir='ltr'>praeambulam</span> <span class='ocrx_word' id='word_1_532' title='bbox 1479 2487 1519 2517; x_wconf 88' lang='lat' dir='ltr'>ad</span> <span class='ocrx_word' id='word_1_533' title='bbox 1534 2487 1687 2518; x_wconf 84' lang='lat' dir='ltr'>thronum</span> <span class='ocrx_word' id='word_1_534' title='bbox 1700 2490 1757 2529; x_wconf 78' lang='lat' dir='ltr'>Ju-</span> 
     </span>
     <span class='ocr_line' id='line_1_89' title="bbox 979 2539 1753 2585; baseline 0.006 -16"><span class='ocrx_word' id='word_1_535' title='bbox 979 2539 1147 2570; x_wconf 80' lang='lat' dir='ltr'>diciarium</span> <span class='ocrx_word' id='word_1_536' title='bbox 1161 2549 1235 2570; x_wconf 78' lang='lat' dir='ltr'>cun]</span> <span class='ocrx_word' id='word_1_537' title='bbox 1250 2540 1352 2579; x_wconf 87' lang='lat' dir='ltr'>gloria</span> <span class='ocrx_word' id='word_1_538' title='bbox 1367 2540 1605 2579; x_wconf 83' lang='lat' dir='ltr'>possidendum.</span> <span class='ocrx_word' id='word_1_539' title='bbox 1623 2542 1753 2585; x_wconf 66' lang='lat' dir='ltr'>Pin‘lfl&#39;</span> 
     </span>
     <span class='ocr_line' id='line_1_90' title="bbox 979 2595 1752 2636; baseline 0.003 -11"><span class='ocrx_word' id='word_1_540' title='bbox 979 2597 1069 2626; x_wconf 75' lang='lat' dir='ltr'>cacus</span> <span class='ocrx_word' id='word_1_541' title='bbox 1084 2595 1189 2626; x_wconf 75' lang='lat' dir='ltr'>nostri</span> <span class='ocrx_word' id='word_1_542' title='bbox 1203 2602 1289 2626; x_wconf 78' lang='lat' dir='ltr'>amzo</span> <span class='ocrx_word' id='word_1_543' title='bbox 1306 2597 1425 2631; x_wconf 63' lang='lat' dir='ltr'>octavo,</span> <span class='ocrx_word' id='word_1_544' title='bbox 1450 2596 1486 2625; x_wconf 82' lang='lat' dir='ltr'>ut</span> <span class='ocrx_word' id='word_1_545' title='bbox 1506 2597 1617 2626; x_wconf 87' lang='lat' dir='ltr'>octava</span> <span class='ocrx_word' id='word_1_546' title='bbox 1641 2597 1752 2636; x_wconf 81' lang='lat' dir='ltr'>gratiae</span> 
     </span>
     <span class='ocr_line' id='line_1_91' title="bbox 980 2648 1404 2688; baseline -0.002 -9"><span class='ocrx_word' id='word_1_547' title='bbox 980 2651 1009 2679; x_wconf 86' lang='lat' dir='ltr'>et</span> <span class='ocrx_word' id='word_1_548' title='bbox 1024 2648 1137 2688; x_wconf 84' lang='lat' dir='ltr'>gloriae</span> <span class='ocrx_word' id='word_1_549' title='bbox 1152 2648 1404 2680; x_wconf 88' lang='lat' dir='ltr'>commendetur.</span> 
     </span>
    </p>

    <p class='ocr_par' dir='ltr' id='par_1_11' title="bbox 1022 2702 1136 2733">
     <span class='ocr_line' id='line_1_92' title="bbox 1022 2702 1136 2733; baseline 0.009 -1"><span class='ocrx_word' id='word_1_550' title='bbox 1022 2702 1136 2733; x_wconf 85' lang='lat' dir='ltr'>Amen.</span> 
     </span>
    </p>
   </div>
  </div>
 </body>
</html>
