2029 3052
649 173 804 208 CONTRA
825 171 1061 205 MAGisTRUM
1084 171 1330 204 GUlLELMUM.

183 245 253 284 tur,
277 245 309 276 et
335 243 481 285 praecipit
503 243 539 275 in
563 242 702 276 ecclesiis
724 241 872 282 gentium
903 248 960 281 per

183 306 284 329 unam
298 298 432 337 sabbati,
448 297 510 330 hoc
523 298 572 329 est
588 297 639 330 die
654 295 830 335 Dominico,
846 302 959 326 omnes

184 351 327 384 conferre
340 352 465 391 debere,
477 360 552 392 quae
568 349 821 391 Hierosolymam
829 349 864 380 in
872 356 962 380 sanc-

185 407 292 437 torum
306 405 418 437 solatia
437 405 629 446 dirigantur.
656 403 822 444 Numquid
843 402 878 433 in
899 401 962 432 alia

184 461 273 501 parte
286 461 460 498 terrarum,
475 461 506 491 et
519 459 553 490 in
568 459 618 490 his
632 457 774 490 eeclesiis
790 465 871 498 quas
887 464 961 487 nas-

185 515 291 546 centes
305 513 368 545 fide
381 523 440 546 sua
454 513 629 552 erudiebat,
649 522 723 554 quae
738 512 778 544 ab
792 511 863 543 aliis
875 519 962 542 acce-

185 569 286 608 perat,
299 567 441 600 dividere
461 576 528 599 non
548 567 691 608 poterat?
709 565 771 598 Sed
792 564 907 597 sanctis
921 563 961 604 (a)

185 621 381 662 pauperibus
390 621 466 653 dare
481 621 640 662 cupiebat,
657 620 714 661 qui
724 628 799 652 suas
812 628 869 660 pro
878 617 965 650 Chri-

186 678 235 706 sto
251 675 452 707 facultatulas
471 674 701 715 relinquenteS,
713 674 753 706 ad
762 672 887 705 Domini
902 681 965 703 ser-

186 729 323 761 vitutem
338 730 405 760 tota
429 730 535 760 mente
550 728 696 760 conversi
710 729 796 759 sunt.
815 726 966 766 Longum

186 783 233 814 est
247 781 333 813 enim
347 791 446 822 nunc,
462 781 490 812 si
509 781 549 813 de
572 781 695 813 caeteris
721 779 871 820 Epistolis
895 779 966 819 ejus

186 836 294 868 omnia
308 835 490 868 testimonia
504 836 670 868 revolvere
683 834 829 872 voluero,
846 833 880 864 in
893 832 965 873 qui-

185 891 245 922 bus
259 890 321 922 hoc
337 890 392 929 ait,
408 891 439 922 et
452 891 519 921 tota
529 891 636 921 mente
651 888 789 927 festinat,
805 889 842 919 ut
857 887 967 918 Hiero—

186 944 354 986 solymam,
372 945 403 975 et
417 944 457 975 ad
471 945 576 975 sancta
592 943 672 982 loca,
693 942 894 973 credentibus
914 950 968 981 pe-

187 998 292 1030 cuniae
307 998 501 1038 dirigantur,
524 1006 589 1028 non
611 999 643 1027 in
662 995 848 1034 avaritiam,
864 995 967 1026 sedin

187 1052 411 1092 refrigerium;
429 1060 495 1082 non
509 1051 549 1082 ad
564 1050 691 1082 divitias
706 1049 964 1089 congregandas,

187 1105 241 1137 sed
253 1105 294 1137 ad
307 1105 558 1136 imbecillitatem
581 1103 762 1144 corpusculi
785 1104 967 1134 sustentan-

188 1160 274 1198 dam,
286 1160 317 1190 et
334 1159 439 1199 frigus
453 1160 549 1199 atque
568 1158 709 1189 inediam
733 1157 965 1189 declinandam.

188 1213 253 1244 Ilac
267 1213 302 1244 in
313 1212 330 1244 J
335 1213 426 1244 udaea
436 1221 540 1252 usque
555 1211 649 1243 hodie
659 1213 884 1252 perseverante
896 1220 970 1241 con-

187 1266 368 1305 suetudine,
389 1275 454 1297 non
472 1265 576 1296 solum
597 1265 682 1305 apud
701 1273 771 1303 nOS,
797 1265 851 1296 sed
873 1265 969 1295 etiam

189 1321 352 1359 Hebraeos,
369 1321 405 1351 ut
426 1319 472 1350 illi
494 1319 551 1360 qui
571 1319 605 1350 in
626 1319 701 1359 lege
720 1318 846 1349 Domini
866 1318 968 1349 medi-

189 1376 299 1406 tantur
312 1374 363 1405 die
380 1382 417 1404 ac
431 1374 534 1412 nocte,
559 1375 590 1404 et
615 1374 740 1413 partem
761 1381 826 1403 non
850 1372 970 1403 habent

190 1428 224 1458 in
238 1429 334 1465 terra,
350 1427 414 1458 nisi
428 1427 533 1458 solum
553 1426 666 1464 Deum,
683 1435 926 1467 synagogarum
939 1427 970 1457 et

190 1481 288 1512 totius
299 1481 387 1512 orbis
401 1481 570 1513 foveantur
585 1479 781 1519 ministeriis,
803 1489 844 1510 ex
859 1488 968 1520 aequa-

189 1535 277 1566 litate
298 1535 466 1566 dumtaxat
490 1543 498 1565 :
523 1543 589 1565 non
615 1535 652 1565 ut
673 1533 742 1565 aliis
766 1533 807 1564 sit
829 1533 968 1573 refrige-

189 1588 291 1626 rium,
322 1590 353 1619 et
375 1588 445 1619 aliis
472 1587 653 1626 trihulatio;
684 1587 738 1619 sed
768 1588 805 1618 ut
831 1587 969 1618 aliorum

190 1642 386 1673 abundantia
412 1642 551 1673 aliorum
578 1643 732 1673 sustentet
765 1642 918 1682 inopiam.
950 1653 964 1671 ι)

191 1695 267 1727 Haec
280 1695 506 1737 Hieronymus,
527 1695 583 1727 His
602 1695 693 1735 visis,
714 1696 790 1726 satis
809 1695 904 1736 plana
923 1697 970 1727 est

191 1750 353 1791 responsio
364 1750 404 1782 ad
418 1750 580 1791 praedicta.

232 1857 288 1888 His
310 1859 429 1895 autem,
456 1866 529 1898 quae
549 1857 704 1897 praedicta
727 1858 812 1895 sunt,
838 1859 971 1888 conatus

192 1912 238 1942 est
252 1911 369 1952 aliquis
382 1911 600 1951 multipliciter
619 1911 794 1949 adversari,
820 1911 971 1950 quaedam

192 1975 233 1997 ex
247 1966 292 1997 eis
304 1966 446 1997 refellere
455 1965 578 2005 volens,
592 1967 747 2006 tanquam
758 1965 969 2005 impertinen-

192 2021 253 2060 tia;
272 2021 420 2061 quaedam
436 2023 471 2052 ut
488 2020 576 2059 falsa,
592 2020 742 2060 quaedam
766 2021 803 2051 ut
825 2019 970 2051 inconse-

193 2075 333 2115 quentia,
352 2075 501 2115 quaedam
516 2075 553 2105 ut
571 2073 668 2105 dubia
679 2098 687 2112 ,
708 2074 846 2113 plurima
863 2075 972 2104 autem

193 2136 234 2159 ex
258 2128 319 2168 eis,
347 2130 502 2169 tanquam
526 2127 678 2159 doctrinae
703 2127 883 2168 apostolieae
909 2128 970 2158 ini-

194 2182 288 2214 mica.
306 2182 372 2213 Hoc
386 2184 495 2213 autem
510 2181 583 2212 facit
603 2181 823 2222 respondendo
846 2182 972 2213 cuidam

194 2236 365 2278 quaestioni
387 2236 495 2267 minus
523 2235 717 2267 sufficienter
738 2237 810 2276 post
833 2236 972 2268 collectae

194 2291 229 2322 in
259 2290 375 2322 scholis
392 2314 402 2328 ,
431 2290 519 2322 salva
541 2290 646 2330 gratia
674 2289 865 2329 colligentis,
893 2290 975 2321 sicut

196 2345 311 2376 melius
352 2345 453 2384 potest
483 2352 634 2383 apparere
672 2344 706 2374 in
740 2344 973 2384 praenominata

196 2398 384 2440 quaestione.
402 2397 548 2429 Primum
560 2397 663 2436 igitur
675 2397 912 2437 impertinentia
927 2407 974 2429 re-

196 2454 287 2493 putat
312 2461 527 2493 quaecumque
549 2451 731 2482 inducimus
749 2451 787 2482 de
811 2451 973 2492 discipulis

199 2506 313 2537 Christi
338 2505 378 2537 ad
398 2504 636 2546 praedicandum
662 2504 782 2542 missis,
813 2505 891 2544 quia
912 2505 974 2536 illis

199 2560 271 2591 data
294 2561 362 2591 erat
384 2559 556 2590 auctoritas
579 2558 756 2589 necessaria
780 2558 971 2599 accipiendi,

231 2641 239 2657 ¹
259 2640 353 2665 Decret.
369 2641 454 2672 Grey„
469 2640 514 2665 lib.
534 2641 556 2670 l,
572 2639 610 2664 tit.
629 2646 709 2670 xxm,
725 2646 748 2665 c.
768 2645 810 2664 xv.
826 2653 856 2657 —
876 2640 884 2654 ²
905 2640 974 2671 Gal„

202 2681 220 2707 ι,
236 2677 260 2701 1.
274 2689 304 2694 —
319 2676 329 2693 ³
341 2677 424 2707 loun„
440 2678 525 2708 xx,21.

1737 175 1791 205 391

1015 248 1082 271 non
1102 248 1145 271 ex
1164 240 1377 280 mendicitate,
1401 240 1456 272 sed
1479 249 1520 272 ex
1542 241 1706 281 potestate.
1734 240 1795 278 Qui

1015 294 1124 325 autem
1139 294 1313 335 praedicant
1326 294 1446 335 absque
1460 294 1658 334 auctoritate,
1673 295 1795 335 pseudo

1015 349 1102 386 sunt,
1119 350 1150 379 et
1163 347 1234 379 ideo
1254 349 1369 380 neutro
1390 351 1497 386 modo,
1517 357 1576 379 nec
1595 357 1637 379 ex
1655 348 1798 380 auctori-

1016 400 1091 437 tate,
1111 408 1170 431 nec
1190 409 1231 431 ex
1256 401 1459 432 mendicitate
1479 402 1586 441 petere
1608 400 1735 432 debent.
1760 400 1797 432 Et

1017 453 1043 483 si
1058 452 1193 492 dicatur,
1209 454 1294 494 quod
1308 454 1385 486 tales
1395 464 1414 486 a
1430 454 1516 495 Papa
1536 457 1568 486 et
1581 455 1622 486 ab
1638 454 1799 496 Episcopis

1019 506 1109 537 missi
1132 508 1218 546 sunt,
1243 507 1334 546 dicit,
1363 509 1449 549 quod
1475 509 1515 540 ab
1538 508 1700 549 Episcopis
1723 509 1800 539 sunt

1018 560 1178 601 pascendi,
1195 562 1337 594 Eoetrav.
1355 562 1393 594 de
1409 562 1648 604 officiojudz'cis
1665 561 1799 595 ordina-

1019 615 1076 654 rii,
1093 614 1182 647 Inter
1204 617 1316 647 coetera
1339 616 1360 647 ¹.
1388 616 1464 648 Fuit
1484 617 1584 657 igitur
1605 617 1677 648 data
1698 616 1802 647 forma

1019 668 1268 710 praedicantibus
1283 679 1323 701 ex
1342 670 1458 708 officio,
1480 672 1512 702 et
1531 671 1730 709 auctoritate,
1748 670 1803 701 sed

1020 722 1060 754 ad
1078 724 1216 763 tempuS‚
1238 724 1275 754 ut
1298 723 1528 764 impedimenta
1553 726 1801 763 amoverentur;

1021 778 1052 808 et
1063 776 1134 808 ideo
1148 777 1361 817 auctoritateS,
1378 779 1444 809 tam
1460 779 1580 816 textus,
1601 788 1698 818 quam
1716 779 1803 819 glos—

1024 839 1145 869 sarum,
1164 831 1198 861 in
1214 830 1276 862 hoc
1298 840 1373 863 casu
1390 831 1630 872 impertinentes
1655 832 1805 865 videntur

1022 885 1061 916 ad
1084 885 1296 925 propositum,
1323 886 1500 917 secundum
1519 895 1595 917 eum
1616 886 1673 926 qui
1697 895 1805 927 quaes-

1022 940 1102 970 tioni
1116 939 1275 979 praedictae
1290 940 1419 972 videtur
1433 940 1608 972 adversari.

1066 992 1171 1033 Hujus
1185 995 1294 1024 autem
1311 993 1503 1025 obviationis
1519 993 1740 1034 apparentiam
1755 1003 1804 1025 so-

1023 1046 1193 1087 phisticam
1208 1046 1298 1078 facile
1312 1048 1360 1078 est
1375 1047 1536 1086 detegere,
1554 1047 1580 1077 si
1599 1047 1672 1087 quis
1691 1047 1806 1078 intelli-

1026 1103 1082 1141 gat
1097 1101 1235 1132 radicem
1255 1101 1419 1140 potestatis
1441 1101 1475 1131 in
1489 1100 1660 1141 Apostolis,
1679 1102 1709 1132 et
1725 1100 1809 1132 Prae-

1023 1154 1095 1185 latis
1112 1179 1119 1194 ,
1149 1156 1179 1185 et
1207 1154 1330 1185 nuntiis
1363 1154 1526 1185 destinatis
1560 1155 1600 1186 ab
1636 1155 1806 1196 Apostolis.

1025 1208 1153 1239 Certum
1177 1210 1224 1239 est
1248 1208 1333 1239 enim
1355 1208 1441 1248 quod
1462 1208 1531 1239 haec
1551 1209 1730 1240 radicaliter
1750 1209 1809 1239 suit

1024 1262 1058 1293 in
1073 1261 1208 1300 Christo,
1225 1262 1401 1293 secundum
1414 1262 1499 1302 quod
1515 1262 1591 1293 dicit
1605 1262 1806 1302 Apostolus&

1025 1316 1110 1356 quod
1125 1317 1193 1346 erat
1206 1315 1379 1355 Apostolus
1393 1324 1448 1355 per
1459 1315 1564 1347 Jesum
1582 1316 1760 1355 Christum,
1777 1318 1808 1347 et

1025 1370 1099 1401 dicit
1113 1369 1285 1400 Dominus³
1302 1380 1308 1400 z
1327 1370 1420 1402 Sicut
1441 1370 1532 1401 misit
1553 1378 1601 1402 me
1624 1370 1730 1408 Pater,
1747 1372 1805 1401 etc.

1026 1423 1116 1455 Dedit
1131 1425 1239 1454 autem
1256 1423 1399 1454 Christus
1413 1422 1584 1464 Apostolis,
1608 1432 1663 1454 eos
1677 1424 1807 1455 mitten-

1026 1477 1076 1516 do,
1090 1477 1249 1516 duplicem
1258 1478 1458 1517 potestatem,
1473 1477 1591 1508 scilicet
1601 1477 1806 1517 praedicandi,

1026 1533 1056 1562 et
1084 1531 1236 1571 exigendi
1264 1530 1526 1561 sustentationem
1557 1539 1660 1561 suam.
1686 1530 1723 1561 Et
1751 1531 1810 1561 has

1026 1587 1195 1625 potestates
1215 1585 1338 1615 constat
1360 1593 1426 1615 esse
1442 1584 1616 1622 distinctas,
1642 1584 1718 1624 quia
1733 1593 1810 1615 cum

1026 1638 1199 1678 Episcopus
1221 1637 1320 1678 possit
1341 1637 1439 1668 semel
1457 1637 1490 1667 in
1519 1647 1602 1669 anno
1618 1638 1811 1678 procuratio-

1026 1701 1083 1723 nes
1099 1701 1175 1723 suas
1189 1691 1222 1722 iu
1238 1700 1305 1722 uno
1319 1691 1389 1722 loco
1409 1691 1552 1731 exigere,
1573 1693 1675 1732 potest
1688 1694 1808 1730 tamen,

1027 1755 1102 1777 cum
1126 1745 1283 1784 voluerit,
1313 1745 1498 1785 praedicare.
1530 1745 1632 1785 Igitur
1656 1745 1811 1777 Summus

1027 1800 1187 1837 Pontifex,
1211 1799 1267 1840 qui
1281 1799 1397 1830 Christi
1419 1799 1526 1830 locum
1550 1801 1637 1830 tenet
1652 1800 1685 1830 in
1703 1801 1809 1839 terris,

1027 1857 1129 1896 potest
1142 1857 1318 1894 utrumque
1333 1855 1429 1886 simul
1443 1855 1533 1894 dare3
1552 1856 1655 1894 potest
1667 1856 1698 1885 et
1712 1864 1811 1886 unam

1027 1910 1066 1940 ab
1089 1910 1151 1940 alia
1178 1918 1338 1949 separare.
1365 1909 1523 1946 Quoniam
1553 1918 1633 1948 ergo
1656 1907 1811 1940 Summus

1029 1963 1186 2002 Pontifex,
1202 1965 1232 1994 et
1248 1962 1373 1994 Praelati
1385 1972 1450 1993 non
1459 1964 1591 2003 possunt
1602 1963 1720 2001 omnia,
1738 1972 1811 2003 quae

1028 2017 1067 2048 ad
1091 2027 1144 2048 eos
1166 2019 1319 2058 spectant,
1345 2026 1493 2048 exercere
1520 2017 1728 2057 personaliter
1754 2027 1811 2058 per

1028 2072 1157 2112 seipsos,
1176 2074 1306 2112 propter
1321 2071 1454 2103 diffusos
1464 2072 1597 2112 populos
1614 2072 1674 2102 sibi
1690 2072 1810 2112 subjec-

1029 2128 1088 2164 tos,
1106 2126 1266 2158 ordinavit
1283 2125 1421 2166 Spiritus
1443 2127 1571 2156 sanctus
1591 2126 1624 2156 in
1649 2126 1810 2165 regimine

1029 2179 1188 2218 Ecclesiae,
1205 2181 1241 2210 ut
1255 2179 1322 2219 ipse
1338 2179 1475 2210 mitteret
1489 2179 1659 2219 aliquando
1671 2179 1807 2219 legatos,

1029 2234 1084 2274 qui
1100 2235 1271 2273 utramque
1286 2233 1441 2264 haberent
1461 2234 1659 2272 potestatem.
1678 2233 1716 2264 Et
1733 2242 1809 2264 rur—

1029 2296 1093 2326 sus,
1116 2296 1155 2318 ne
1175 2286 1381 2327 particulares
1409 2286 1549 2317 ecclesiae
1575 2288 1808 2326 gravarentur,

1030 2341 1190 2372 ordinavit
1200 2342 1235 2371 ut
1249 2340 1391 2380 Episcopi
1403 2340 1566 2371 mitterent
1581 2349 1732 2380 personas
1745 2341 1808 2371 ido-

1030 2405 1105 2426 neas
1121 2395 1161 2426 ad
1180 2394 1431 2435 praedicaudum,
1458 2396 1490 2425 et
1511 2394 1723 2425 consessiones
1746 2403 1808 2424 au-

1030 2450 1198 2487 diendum,
1228 2448 1345 2489 quibus
1370 2448 1464 2479 etiam
1498 2448 1556 2487 ipsi
1585 2448 1807 2487 providerent,

1031 2504 1137 2534 Eoetra
1150 2502 1188 2535 dc
1202 2502 1310 2542 officio
1320 2502 1447 2542 judicis
1460 2501 1636 2539 ordinarii,
1648 2501 1736 2533 Inter
1750 2510 1810 2532 cce-

1032 2560 1099 2589 tera
1115 2558 1135 2587 ¹.
1153 2557 1316 2588 Ordinavit
1328 2557 1435 2594 etiam,
1452 2558 1486 2586 ut
1504 2556 1570 2595 ipse
1594 2564 1668 2586 cum
1688 2555 1808 2586 Praela-

1065 2641 1096 2668 (a)
1115 2638 1187 2669 Apud
1202 2638 1302 2661 Hieron.
1319 2640 1466 2662 sanctorum
1486 2637 1612 2662 locorum.
1628 2651 1658 2656 —
1678 2637 1713 2668 (b)
1735 2638 1810 2662 Forte

1031 2675 1079 2707 legs.
1095 2681 1140 2705 per
1157 2674 1269 2699 collecta.
