<?xml version="1.0" encoding="UTF-8"?>
<!DOCTYPE html PUBLIC "-//W3C//DTD XHTML 1.0 Transitional//EN"
    "http://www.w3.org/TR/xhtml1/DTD/xhtml1-transitional.dtd">
<html xmlns="http://www.w3.org/1999/xhtml" xml:lang="en" lang="en">
 <head>
  <title>
</title>
<meta http-equiv="Content-Type" content="text/html;charset=utf-8" />
  <meta name='ocr-system' content='tesseract 3.04.00' />
  <meta name='ocr-capabilities' content='ocr_page ocr_carea ocr_par ocr_line ocrx_word'/>
</head>
<body>
  <div class='ocr_page' id='page_1' title='image "./operaomniasixtiv14bonauoft/operaomniasixtiv14bonauoft_0159.png"; bbox 0 0 2029 3052; ppageno 0'>
   <div class='ocr_carea' id='block_1_1' title="bbox 666 223 1248 258">
    <p class='ocr_par' dir='ltr' id='par_1_1' title="bbox 666 223 1248 258">
     <span class='ocr_line' id='line_1_1' title="bbox 666 223 1248 258; baseline 0.003 -3"><span class='ocrx_word' id='word_1_1' title='bbox 666 223 718 256; x_wconf 84' lang='lat' dir='ltr'>DE</span> <span class='ocrx_word' id='word_1_2' title='bbox 740 223 797 256; x_wconf 91' lang='lat' dir='ltr'>SS.</span> <span class='ocrx_word' id='word_1_3' title='bbox 820 223 1007 256; x_wconf 84' lang='lat' dir='ltr'>ANGELlS.</span> <span class='ocrx_word' id='word_1_4' title='bbox 1033 224 1170 258; x_wconf 89' lang='lat' dir='ltr'><strong>SERMO</strong></span> <span class='ocrx_word' id='word_1_5' title='bbox 1193 225 1248 258; x_wconf 86' lang='lat' dir='ltr'>Ill.</span> 
     </span>
    </p>
   </div>
   <div class='ocr_carea' id='block_1_2' title="bbox 143 291 934 2601">
    <p class='ocr_par' dir='ltr' id='par_1_2' title="bbox 143 291 932 1124">
     <span class='ocr_line' id='line_1_2' title="bbox 144 291 925 331; baseline -0.003 -9"><span class='ocrx_word' id='word_1_6' title='bbox 144 295 219 322; x_wconf 84' lang='lat' dir='ltr'>esset</span> <span class='ocrx_word' id='word_1_7' title='bbox 232 293 334 331; x_wconf 88' lang='lat' dir='ltr'>aliqua</span> <span class='ocrx_word' id='word_1_8' title='bbox 348 294 484 322; x_wconf 82' lang='lat' dir='ltr'>creatura</span> <span class='ocrx_word' id='word_1_9' title='bbox 500 300 567 329; x_wconf 76' lang='lat' dir='ltr'>quae</span> <span class='ocrx_word' id='word_1_10' title='bbox 580 299 635 320; x_wconf 85' lang='lat' dir='ltr'>nec</span> <span class='ocrx_word' id='word_1_11' title='bbox 654 291 819 328; x_wconf 85' lang='lat' dir='ltr'>corporalis</span> <span class='ocrx_word' id='word_1_12' title='bbox 840 293 925 324; x_wconf 83' lang='lat' dir='ltr'>esset,</span> 
     </span>
     <span class='ocr_line' id='line_1_3' title="bbox 143 339 927 378; baseline -0.005 -8"><span class='ocrx_word' id='word_1_13' title='bbox 143 349 199 370; x_wconf 88' lang='lat' dir='ltr'>nec</span> <span class='ocrx_word' id='word_1_14' title='bbox 213 341 382 378; x_wconf 86' lang='lat' dir='ltr'>spiritualis.</span> <span class='ocrx_word' id='word_1_15' title='bbox 403 340 499 368; x_wconf 87' lang='lat' dir='ltr'>Tertio</span> <span class='ocrx_word' id='word_1_16' title='bbox 518 347 589 367; x_wconf 89' lang='lat' dir='ltr'>vero</span> <span class='ocrx_word' id='word_1_17' title='bbox 604 340 723 367; x_wconf 85' lang='lat' dir='ltr'>notatur</span> <span class='ocrx_word' id='word_1_18' title='bbox 745 339 852 367; x_wconf 88' lang='lat' dir='ltr'>mentis</span> <span class='ocrx_word' id='word_1_19' title='bbox 873 347 927 367; x_wconf 86' lang='lat' dir='ltr'>an-</span> 
     </span>
     <span class='ocr_line' id='line_1_4' title="bbox 144 385 924 424; baseline -0.004 -7"><span class='ocrx_word' id='word_1_20' title='bbox 144 389 245 424; x_wconf 83' lang='lat' dir='ltr'>gelicae</span> <span class='ocrx_word' id='word_1_21' title='bbox 259 388 394 423; x_wconf 80' lang='lat' dir='ltr'>charitas,</span> <span class='ocrx_word' id='word_1_22' title='bbox 410 387 472 415; x_wconf 91' lang='lat' dir='ltr'>sive</span> <span class='ocrx_word' id='word_1_23' title='bbox 493 385 662 420; x_wconf 82' lang='lat' dir='ltr'>humilitas,</span> <span class='ocrx_word' id='word_1_24' title='bbox 687 394 756 415; x_wconf 87' lang='lat' dir='ltr'>cum</span> <span class='ocrx_word' id='word_1_25' title='bbox 779 385 924 414; x_wconf 83' lang='lat' dir='ltr'>infertur:</span> 
     </span>
     <span class='ocr_line' id='line_1_5' title="bbox 145 433 928 472; baseline -0.005 -7"><span class='ocrx_word' id='word_1_26' title='bbox 145 437 263 472; x_wconf 67' lang='lat' dir='ltr'>Angelos</span> <span class='ocrx_word' id='word_1_27' title='bbox 273 443 342 470; x_wconf 86' lang='lat' dir='ltr'>suos,</span> <span class='ocrx_word' id='word_1_28' title='bbox 358 435 390 463; x_wconf 92' lang='lat' dir='ltr'>id</span> <span class='ocrx_word' id='word_1_29' title='bbox 404 436 456 470; x_wconf 90' lang='lat' dir='ltr'>est,</span> <span class='ocrx_word' id='word_1_30' title='bbox 472 433 609 462; x_wconf 89' lang='lat' dir='ltr'>nuntios:</span> <span class='ocrx_word' id='word_1_31' title='bbox 625 441 687 461; x_wconf 90' lang='lat' dir='ltr'>non</span> <span class='ocrx_word' id='word_1_32' title='bbox 703 433 787 470; x_wconf 89' lang='lat' dir='ltr'>quod</span> <span class='ocrx_word' id='word_1_33' title='bbox 799 433 928 470; x_wconf 88' lang='lat' dir='ltr'>compel-</span> 
     </span>
     <span class='ocr_line' id='line_1_6' title="bbox 144 480 927 518; baseline -0.003 -7"><span class='ocrx_word' id='word_1_34' title='bbox 144 483 257 518; x_wconf 86' lang='lat' dir='ltr'>lantur;</span> <span class='ocrx_word' id='word_1_35' title='bbox 286 482 340 511; x_wconf 85' lang='lat' dir='ltr'>sed</span> <span class='ocrx_word' id='word_1_36' title='bbox 370 481 537 510; x_wconf 83' lang='lat' dir='ltr'><strong>voluntarie</strong></span> <span class='ocrx_word' id='word_1_37' title='bbox 567 481 797 516; x_wconf 81' lang='lat' dir='ltr'>obsequuntur,</span> <span class='ocrx_word' id='word_1_38' title='bbox 824 480 927 509; x_wconf 87' lang='lat' dir='ltr'>divina</span> 
     </span>
     <span class='ocr_line' id='line_1_7' title="bbox 144 527 927 559; baseline -0.004 -1"><span class='ocrx_word' id='word_1_39' title='bbox 144 529 310 559; x_wconf 87' lang='lat' dir='ltr'>reverentia</span> <span class='ocrx_word' id='word_1_40' title='bbox 334 530 362 557; x_wconf 89' lang='lat' dir='ltr'>et</span> <span class='ocrx_word' id='word_1_41' title='bbox 382 529 512 557; x_wconf 83' lang='lat' dir='ltr'>fraterna</span> <span class='ocrx_word' id='word_1_42' title='bbox 535 528 674 556; x_wconf 77' lang='lat' dir='ltr'>charitate</span> <span class='ocrx_word' id='word_1_43' title='bbox 699 527 817 556; x_wconf 88' lang='lat' dir='ltr'>devicti.</span> <span class='ocrx_word' id='word_1_44' title='bbox 844 528 927 556; x_wconf 89' lang='lat' dir='ltr'>Dica-</span> 
     </span>
     <span class='ocr_line' id='line_1_8' title="bbox 144 576 929 613; baseline -0.001 -8"><span class='ocrx_word' id='word_1_45' title='bbox 144 585 211 605; x_wconf 89' lang='lat' dir='ltr'>mus</span> <span class='ocrx_word' id='word_1_46' title='bbox 226 585 322 613; x_wconf 84' lang='lat' dir='ltr'>ergo:</span> <span class='ocrx_word' id='word_1_47' title='bbox 349 577 403 610; x_wconf 81' lang='lat' dir='ltr'>Qui</span> <span class='ocrx_word' id='word_1_48' title='bbox 426 578 496 611; x_wconf 76' lang='lat' dir='ltr'>facit</span> <span class='ocrx_word' id='word_1_49' title='bbox 519 576 638 611; x_wconf 60' lang='lat' dir='ltr'>Angelos</span> <span class='ocrx_word' id='word_1_50' title='bbox 662 583 722 603; x_wconf 83' lang='lat' dir='ltr'>suos</span> <span class='ocrx_word' id='word_1_51' title='bbox 746 577 873 611; x_wconf 79' lang='lat' dir='ltr'>spiritus.</span> <span class='ocrx_word' id='word_1_52' title='bbox 896 577 929 604; x_wconf 92' lang='lat' dir='ltr'>Ut</span> 
     </span>
     <span class='ocr_line' id='line_1_9' title="bbox 145 623 928 660; baseline -0.003 -7"><span class='ocrx_word' id='word_1_53' title='bbox 145 632 217 660; x_wconf 84' lang='lat' dir='ltr'>ergo</span> <span class='ocrx_word' id='word_1_54' title='bbox 231 624 287 652; x_wconf 88' lang='lat' dir='ltr'>ista</span> <span class='ocrx_word' id='word_1_55' title='bbox 302 624 403 652; x_wconf 88' lang='lat' dir='ltr'>omnia</span> <span class='ocrx_word' id='word_1_56' title='bbox 417 623 507 652; x_wconf 90' lang='lat' dir='ltr'>simul</span> <span class='ocrx_word' id='word_1_57' title='bbox 518 624 693 658; x_wconf 76' lang='lat' dir='ltr'>tractemus,</span> <span class='ocrx_word' id='word_1_58' title='bbox 708 623 864 651; x_wconf 89' lang='lat' dir='ltr'>sciendum</span> <span class='ocrx_word' id='word_1_59' title='bbox 875 624 928 659; x_wconf 90' lang='lat' dir='ltr'>est,</span> 
     </span>
     <span class='ocr_line' id='line_1_10' title="bbox 147 670 930 708; baseline -0.003 -8"><span class='ocrx_word' id='word_1_60' title='bbox 147 671 230 708; x_wconf 85' lang='lat' dir='ltr'>quod</span> <span class='ocrx_word' id='word_1_61' title='bbox 245 671 347 707; x_wconf 83' lang='lat' dir='ltr'>Angeli</span> <span class='ocrx_word' id='word_1_62' title='bbox 357 679 375 699; x_wconf 91' lang='lat' dir='ltr'>a</span> <span class='ocrx_word' id='word_1_63' title='bbox 389 672 447 699; x_wconf 89' lang='lat' dir='ltr'>Deo</span> <span class='ocrx_word' id='word_1_64' title='bbox 465 670 555 698; x_wconf 88' lang='lat' dir='ltr'>creati</span> <span class='ocrx_word' id='word_1_65' title='bbox 571 672 640 698; x_wconf 87' lang='lat' dir='ltr'>sunt</span> <span class='ocrx_word' id='word_1_66' title='bbox 653 670 832 699; x_wconf 88' lang='lat' dir='ltr'>nobilissimi</span> <span class='ocrx_word' id='word_1_67' title='bbox 847 670 930 707; x_wconf 88' lang='lat' dir='ltr'>prin-</span> 
     </span>
     <span class='ocr_line' id='line_1_11' title="bbox 146 717 931 755; baseline -0.001 -8"><span class='ocrx_word' id='word_1_68' title='bbox 146 719 227 755; x_wconf 83' lang='lat' dir='ltr'>cipes</span> <span class='ocrx_word' id='word_1_69' title='bbox 245 729 252 745; x_wconf 90' lang='lat'>:</span> <span class='ocrx_word' id='word_1_70' title='bbox 276 720 344 746; x_wconf 85' lang='lat' dir='ltr'>sunt</span> <span class='ocrx_word' id='word_1_71' title='bbox 361 717 456 746; x_wconf 89' lang='lat' dir='ltr'>divini</span> <span class='ocrx_word' id='word_1_72' title='bbox 480 717 617 745; x_wconf 88' lang='lat' dir='ltr'>culminis</span> <span class='ocrx_word' id='word_1_73' title='bbox 638 717 813 746; x_wconf 79' lang='lat' dir='ltr'>adoratores</span> <span class='ocrx_word' id='word_1_74' title='bbox 830 727 837 746; x_wconf 72' lang='grc' dir='ltr'><em>τ</em></span> <span class='ocrx_word' id='word_1_75' title='bbox 863 719 931 746; x_wconf 89' lang='lat' dir='ltr'>sunt</span> 
     </span>
     <span class='ocr_line' id='line_1_12' title="bbox 147 764 930 801; baseline 0 -7"><span class='ocrx_word' id='word_1_76' title='bbox 147 765 241 794; x_wconf 89' lang='lat' dir='ltr'>divini</span> <span class='ocrx_word' id='word_1_77' title='bbox 269 765 365 801; x_wconf 89' lang='lat' dir='ltr'>operis</span> <span class='ocrx_word' id='word_1_78' title='bbox 391 764 614 801; x_wconf 72' lang='lat' dir='ltr'>praedicatores,</span> <span class='ocrx_word' id='word_1_79' title='bbox 649 766 723 793; x_wconf 89' lang='lat' dir='ltr'>Nam</span> <span class='ocrx_word' id='word_1_80' title='bbox 750 765 848 801; x_wconf 89' lang='lat' dir='ltr'>primo</span> <span class='ocrx_word' id='word_1_81' title='bbox 878 765 930 794; x_wconf 88' lang='lat' dir='ltr'>ad-</span> 
     </span>
     <span class='ocr_line' id='line_1_13' title="bbox 146 811 929 848; baseline -0.001 -7"><span class='ocrx_word' id='word_1_82' title='bbox 146 813 292 841; x_wconf 87' lang='lat' dir='ltr'>mirantur</span> <span class='ocrx_word' id='word_1_83' title='bbox 324 814 353 840; x_wconf 90' lang='lat' dir='ltr'>et</span> <span class='ocrx_word' id='word_1_84' title='bbox 390 812 515 840; x_wconf 87' lang='lat' dir='ltr'>laudant</span> <span class='ocrx_word' id='word_1_85' title='bbox 557 811 691 840; x_wconf 89' lang='lat' dir='ltr'>divinam</span> <span class='ocrx_word' id='word_1_86' title='bbox 733 812 929 848; x_wconf 82' lang='lat' dir='ltr'>sapientiam,</span> 
     </span>
     <span class='ocr_line' id='line_1_14' title="bbox 147 859 930 896; baseline -0.003 -8"><span class='ocrx_word' id='word_1_87' title='bbox 147 860 237 888; x_wconf 91' lang='lat' dir='ltr'>simul</span> <span class='ocrx_word' id='word_1_88' title='bbox 266 861 295 888; x_wconf 92' lang='lat' dir='ltr'>et</span> <span class='ocrx_word' id='word_1_89' title='bbox 326 859 564 896; x_wconf 84' lang='lat' dir='ltr'>providentiam,</span> <span class='ocrx_word' id='word_1_90' title='bbox 599 867 660 895; x_wconf 86' lang='lat' dir='ltr'>qua</span> <span class='ocrx_word' id='word_1_91' title='bbox 693 859 795 887; x_wconf 92' lang='lat' dir='ltr'>omnia</span> <span class='ocrx_word' id='word_1_92' title='bbox 828 859 930 896; x_wconf 82' lang='lat' dir='ltr'>dispo-</span> 
     </span>
     <span class='ocr_line' id='line_1_15' title="bbox 146 907 932 941; baseline -0.001 -6"><span class='ocrx_word' id='word_1_93' title='bbox 146 908 258 935; x_wconf 87' lang='lat' dir='ltr'>nuntur</span> <span class='ocrx_word' id='word_1_94' title='bbox 282 908 310 935; x_wconf 87' lang='lat' dir='ltr'>et</span> <span class='ocrx_word' id='word_1_95' title='bbox 333 907 499 941; x_wconf 69' lang='lat' dir='ltr'>variantur-3</span> <span class='ocrx_word' id='word_1_96' title='bbox 525 907 673 941; x_wconf 87' lang='lat' dir='ltr'>secundo,</span> <span class='ocrx_word' id='word_1_97' title='bbox 701 909 880 934; x_wconf 84' lang='lat' dir='ltr'>venerantur</span> <span class='ocrx_word' id='word_1_98' title='bbox 904 908 932 935; x_wconf 89' lang='lat' dir='ltr'>et</span> 
     </span>
     <span class='ocr_line' id='line_1_16' title="bbox 147 954 932 991; baseline 0.001 -9"><span class='ocrx_word' id='word_1_99' title='bbox 147 955 274 983; x_wconf 89' lang='lat' dir='ltr'>adorant</span> <span class='ocrx_word' id='word_1_100' title='bbox 298 954 432 983; x_wconf 84' lang='lat' dir='ltr'>divinam</span> <span class='ocrx_word' id='word_1_101' title='bbox 458 954 716 991; x_wconf 79' lang='lat' dir='ltr'>omnipotentiam,</span> <span class='ocrx_word' id='word_1_102' title='bbox 744 963 805 991; x_wconf 88' lang='lat' dir='ltr'>qua</span> <span class='ocrx_word' id='word_1_103' title='bbox 830 955 932 984; x_wconf 87' lang='lat' dir='ltr'>omnia</span> 
     </span>
     <span class='ocr_line' id='line_1_17' title="bbox 146 1002 932 1039; baseline 0 -9"><span class='ocrx_word' id='word_1_104' title='bbox 146 1002 354 1038; x_wconf 86' lang='lat' dir='ltr'>producuntur</span> <span class='ocrx_word' id='word_1_105' title='bbox 369 1012 377 1038; x_wconf 87' lang='lat'>;</span> <span class='ocrx_word' id='word_1_106' title='bbox 405 1002 490 1030; x_wconf 88' lang='lat' dir='ltr'>tertio</span> <span class='ocrx_word' id='word_1_107' title='bbox 519 1002 684 1038; x_wconf 83' lang='lat' dir='ltr'>loquuntur</span> <span class='ocrx_word' id='word_1_108' title='bbox 714 1004 741 1030; x_wconf 90' lang='lat' dir='ltr'>et</span> <span class='ocrx_word' id='word_1_109' title='bbox 768 1002 932 1039; x_wconf 83' lang='lat' dir='ltr'>praedicant</span> 
     </span>
     <span class='ocr_line' id='line_1_18' title="bbox 148 1049 932 1086; baseline 0.001 -9"><span class='ocrx_word' id='word_1_110' title='bbox 148 1049 282 1077; x_wconf 89' lang='lat' dir='ltr'>divinam</span> <span class='ocrx_word' id='word_1_111' title='bbox 311 1049 572 1084; x_wconf 83' lang='lat' dir='ltr'>benevolentiam,</span> <span class='ocrx_word' id='word_1_112' title='bbox 603 1057 662 1086; x_wconf 88' lang='lat' dir='ltr'>qua</span> <span class='ocrx_word' id='word_1_113' title='bbox 690 1049 828 1078; x_wconf 87' lang='lat' dir='ltr'>homines</span> <span class='ocrx_word' id='word_1_114' title='bbox 852 1050 932 1078; x_wconf 91' lang='lat' dir='ltr'>redi-</span> 
     </span>
     <span class='ocr_line' id='line_1_19' title="bbox 147 1099 278 1124; baseline 0 0"><span class='ocrx_word' id='word_1_115' title='bbox 147 1099 278 1124; x_wconf 90' lang='lat' dir='ltr'>muntur.</span> 
     </span>
    </p>

    <p class='ocr_par' dir='ltr' id='par_1_3' title="bbox 146 1143 934 2601">
     <span class='ocr_line' id='line_1_20' title="bbox 184 1143 932 1181; baseline 0 -9"><span class='ocrx_word' id='word_1_116' title='bbox 184 1144 253 1172; x_wconf 89' lang='lat' dir='ltr'>Dico</span> <span class='ocrx_word' id='word_1_117' title='bbox 269 1146 379 1181; x_wconf 87' lang='lat' dir='ltr'>primo,</span> <span class='ocrx_word' id='word_1_118' title='bbox 403 1144 488 1181; x_wconf 87' lang='lat' dir='ltr'>quod</span> <span class='ocrx_word' id='word_1_119' title='bbox 507 1143 599 1172; x_wconf 89' lang='lat' dir='ltr'>sancti</span> <span class='ocrx_word' id='word_1_120' title='bbox 622 1144 726 1180; x_wconf 82' lang='lat' dir='ltr'>Angeli</span> <span class='ocrx_word' id='word_1_121' title='bbox 747 1144 932 1172; x_wconf 85' lang='lat' dir='ltr'>admirantur</span> 
     </span>
     <span class='ocr_line' id='line_1_21' title="bbox 148 1192 931 1229; baseline 0.001 -10"><span class='ocrx_word' id='word_1_122' title='bbox 148 1193 176 1220; x_wconf 87' lang='lat' dir='ltr'>et</span> <span class='ocrx_word' id='word_1_123' title='bbox 189 1192 313 1220; x_wconf 87' lang='lat' dir='ltr'>laudant</span> <span class='ocrx_word' id='word_1_124' title='bbox 327 1192 461 1220; x_wconf 89' lang='lat' dir='ltr'>divinam</span> <span class='ocrx_word' id='word_1_125' title='bbox 480 1192 655 1228; x_wconf 82' lang='lat' dir='ltr'>sapientiam</span> <span class='ocrx_word' id='word_1_126' title='bbox 674 1192 763 1220; x_wconf 85' lang='lat' dir='ltr'>simul</span> <span class='ocrx_word' id='word_1_127' title='bbox 783 1194 810 1220; x_wconf 92' lang='lat' dir='ltr'>et</span> <span class='ocrx_word' id='word_1_128' title='bbox 829 1192 931 1229; x_wconf 88' lang='lat' dir='ltr'>provi-</span> 
     </span>
     <span class='ocr_line' id='line_1_22' title="bbox 149 1239 931 1276; baseline 0.001 -10"><span class='ocrx_word' id='word_1_129' title='bbox 149 1239 296 1274; x_wconf 85' lang='lat' dir='ltr'>dentiam,</span> <span class='ocrx_word' id='word_1_130' title='bbox 327 1247 388 1276; x_wconf 89' lang='lat' dir='ltr'>qua</span> <span class='ocrx_word' id='word_1_131' title='bbox 411 1239 513 1266; x_wconf 89' lang='lat' dir='ltr'>omnia</span> <span class='ocrx_word' id='word_1_132' title='bbox 538 1239 760 1275; x_wconf 87' lang='lat' dir='ltr'>distinguuntur</span> <span class='ocrx_word' id='word_1_133' title='bbox 782 1241 809 1267; x_wconf 90' lang='lat' dir='ltr'>et</span> <span class='ocrx_word' id='word_1_134' title='bbox 828 1239 931 1275; x_wconf 86' lang='lat' dir='ltr'>dispo--</span> 
     </span>
     <span class='ocr_line' id='line_1_23' title="bbox 147 1286 932 1314; baseline 0.001 -1"><span class='ocrx_word' id='word_1_135' title='bbox 147 1288 267 1314; x_wconf 87' lang='lat' dir='ltr'>nuntur.</span> <span class='ocrx_word' id='word_1_136' title='bbox 285 1287 359 1314; x_wconf 88' lang='lat' dir='ltr'>Dum</span> <span class='ocrx_word' id='word_1_137' title='bbox 374 1286 454 1313; x_wconf 90' lang='lat' dir='ltr'>enim</span> <span class='ocrx_word' id='word_1_138' title='bbox 473 1286 663 1314; x_wconf 81' lang='lat' dir='ltr'>considerant</span> <span class='ocrx_word' id='word_1_139' title='bbox 677 1294 777 1314; x_wconf 89' lang='lat' dir='ltr'>rerum</span> <span class='ocrx_word' id='word_1_140' title='bbox 796 1286 932 1314; x_wconf 89' lang='lat' dir='ltr'>omnium</span> 
     </span>
     <span class='ocr_line' id='line_1_24' title="bbox 146 1333 932 1369; baseline 0.001 -9"><span class='ocrx_word' id='word_1_141' title='bbox 146 1333 312 1367; x_wconf 81' lang='lat' dir='ltr'>varietates,</span> <span class='ocrx_word' id='word_1_142' title='bbox 327 1333 515 1368; x_wconf 79' lang='lat' dir='ltr'>mutationes,</span> <span class='ocrx_word' id='word_1_143' title='bbox 532 1334 733 1361; x_wconf 85' lang='lat' dir='ltr'>successiones</span> <span class='ocrx_word' id='word_1_144' title='bbox 754 1335 782 1361; x_wconf 89' lang='lat' dir='ltr'>et</span> <span class='ocrx_word' id='word_1_145' title='bbox 804 1333 932 1369; x_wconf 90' lang='lat' dir='ltr'>disposi-</span> 
     </span>
     <span class='ocr_line' id='line_1_25' title="bbox 147 1380 932 1417; baseline 0.001 -10"><span class='ocrx_word' id='word_1_146' title='bbox 147 1380 256 1414; x_wconf 90' lang='lat' dir='ltr'>tiones,</span> <span class='ocrx_word' id='word_1_147' title='bbox 282 1380 416 1408; x_wconf 84' lang='lat' dir='ltr'>divinam</span> <span class='ocrx_word' id='word_1_148' title='bbox 440 1380 680 1417; x_wconf 87' lang='lat' dir='ltr'>providentiam,</span> <span class='ocrx_word' id='word_1_149' title='bbox 706 1389 772 1417; x_wconf 81' lang='lat' dir='ltr'>quae</span> <span class='ocrx_word' id='word_1_150' title='bbox 796 1381 932 1409; x_wconf 88' lang='lat' dir='ltr'>omnium</span> 
     </span>
     <span class='ocr_line' id='line_1_26' title="bbox 148 1427 930 1463; baseline 0.001 -8"><span class='ocrx_word' id='word_1_151' title='bbox 148 1427 252 1455; x_wconf 90' lang='lat' dir='ltr'>talium</span> <span class='ocrx_word' id='word_1_152' title='bbox 267 1429 309 1455; x_wconf 83' lang='lat' dir='ltr'>est</span> <span class='ocrx_word' id='word_1_153' title='bbox 323 1428 421 1463; x_wconf 88' lang='lat' dir='ltr'>prima</span> <span class='ocrx_word' id='word_1_154' title='bbox 436 1436 535 1463; x_wconf 86' lang='lat' dir='ltr'>causa,</span> <span class='ocrx_word' id='word_1_155' title='bbox 553 1428 739 1456; x_wconf 84' lang='lat' dir='ltr'>admirantur</span> <span class='ocrx_word' id='word_1_156' title='bbox 752 1431 778 1456; x_wconf 90' lang='lat' dir='ltr'>et</span> <span class='ocrx_word' id='word_1_157' title='bbox 796 1429 930 1457; x_wconf 88' lang='lat' dir='ltr'>laudant.</span> 
     </span>
     <span class='ocr_line' id='line_1_27' title="bbox 148 1475 931 1511; baseline 0.003 -9"><span class='ocrx_word' id='word_1_158' title='bbox 148 1475 229 1502; x_wconf 89' lang='lat' dir='ltr'>Unde</span> <span class='ocrx_word' id='word_1_159' title='bbox 246 1475 386 1502; x_wconf 83' lang='lat' dir='ltr'>Dominus</span> <span class='ocrx_word' id='word_1_160' title='bbox 395 1475 432 1502; x_wconf 89' lang='lat' dir='ltr'>ad</span> <span class='ocrx_word' id='word_1_161' title='bbox 448 1475 517 1503; x_wconf 87' lang='lat' dir='ltr'>Job¹</span> <span class='ocrx_word' id='word_1_162' title='bbox 537 1484 543 1502; x_wconf 80' lang='lat' dir='ltr'><em>z</em></span> <span class='ocrx_word' id='word_1_163' title='bbox 558 1475 717 1511; x_wconf 86' lang='lat' dir='ltr'>«Ubieras‚</span> <span class='ocrx_word' id='word_1_164' title='bbox 730 1484 798 1503; x_wconf 90' lang='lat' dir='ltr'>cum</span> <span class='ocrx_word' id='word_1_165' title='bbox 810 1476 931 1504; x_wconf 86' lang='lat' dir='ltr'>melau-</span> 
     </span>
     <span class='ocr_line' id='line_1_28' title="bbox 149 1521 933 1560; baseline 0.003 -11"><span class='ocrx_word' id='word_1_166' title='bbox 149 1521 254 1550; x_wconf 88' lang='lat' dir='ltr'>darent</span> <span class='ocrx_word' id='word_1_167' title='bbox 268 1523 345 1550; x_wconf 87' lang='lat' dir='ltr'>astra</span> <span class='ocrx_word' id='word_1_168' title='bbox 361 1522 527 1550; x_wconf 74' lang='lat' dir='ltr'>matutina?</span> <span class='ocrx_word' id='word_1_169' title='bbox 543 1534 555 1549; x_wconf 90' lang='lat'>»</span> <span class='ocrx_word' id='word_1_170' title='bbox 573 1523 669 1551; x_wconf 75' lang='lat' dir='ltr'>Stellae</span> <span class='ocrx_word' id='word_1_171' title='bbox 686 1523 849 1558; x_wconf 59' lang='lat' dir='ltr'>matutinae,</span> <span class='ocrx_word' id='word_1_172' title='bbox 867 1532 933 1560; x_wconf 80' lang='lat' dir='ltr'>quae</span> 
     </span>
     <span class='ocr_line' id='line_1_29' title="bbox 148 1569 932 1607; baseline 0.003 -10"><span class='ocrx_word' id='word_1_173' title='bbox 148 1569 277 1598; x_wconf 82' lang='lat' dir='ltr'>maxime</span> <span class='ocrx_word' id='word_1_174' title='bbox 293 1572 439 1606; x_wconf 82' lang='lat' dir='ltr'>apparent</span> <span class='ocrx_word' id='word_1_175' title='bbox 452 1570 588 1605; x_wconf 81' lang='lat' dir='ltr'>fulgidae,</span> <span class='ocrx_word' id='word_1_176' title='bbox 613 1572 681 1598; x_wconf 86' lang='lat' dir='ltr'>sunt</span> <span class='ocrx_word' id='word_1_177' title='bbox 700 1572 859 1607; x_wconf 86' lang='lat' dir='ltr'>potestates</span> <span class='ocrx_word' id='word_1_178' title='bbox 879 1579 932 1599; x_wconf 86' lang='lat' dir='ltr'>an-</span> 
     </span>
     <span class='ocr_line' id='line_1_30' title="bbox 149 1616 932 1653; baseline 0.003 -9"><span class='ocrx_word' id='word_1_179' title='bbox 149 1616 260 1653; x_wconf 79' lang='lat' dir='ltr'>gelicae,</span> <span class='ocrx_word' id='word_1_180' title='bbox 276 1625 406 1653; x_wconf 88' lang='lat' dir='ltr'>quarum</span> <span class='ocrx_word' id='word_1_181' title='bbox 427 1619 469 1645; x_wconf 88' lang='lat' dir='ltr'>est</span> <span class='ocrx_word' id='word_1_182' title='bbox 484 1619 576 1645; x_wconf 87' lang='lat' dir='ltr'>Deum</span> <span class='ocrx_word' id='word_1_183' title='bbox 597 1618 736 1646; x_wconf 91' lang='lat' dir='ltr'>continue</span> <span class='ocrx_word' id='word_1_184' title='bbox 751 1618 875 1646; x_wconf 87' lang='lat' dir='ltr'>laudare</span> <span class='ocrx_word' id='word_1_185' title='bbox 896 1626 932 1646; x_wconf 76' lang='lat' dir='ltr'>ex</span> 
     </span>
     <span class='ocr_line' id='line_1_31' title="bbox 149 1664 932 1700; baseline 0.003 -9"><span class='ocrx_word' id='word_1_186' title='bbox 149 1665 229 1692; x_wconf 87' lang='lat' dir='ltr'>tanta</span> <span class='ocrx_word' id='word_1_187' title='bbox 242 1672 367 1700; x_wconf 88' lang='lat' dir='ltr'>operum</span> <span class='ocrx_word' id='word_1_188' title='bbox 388 1664 555 1692; x_wconf 86' lang='lat' dir='ltr'>diversitate</span> <span class='ocrx_word' id='word_1_189' title='bbox 571 1667 599 1692; x_wconf 90' lang='lat' dir='ltr'>et</span> <span class='ocrx_word' id='word_1_190' title='bbox 621 1665 831 1700; x_wconf 83' lang='lat' dir='ltr'>admiratione,</span> <span class='ocrx_word' id='word_1_191' title='bbox 846 1667 879 1692; x_wconf 91' lang='lat' dir='ltr'>ut</span> <span class='ocrx_word' id='word_1_192' title='bbox 895 1665 932 1694; x_wconf 89' lang='lat' dir='ltr'>de</span> 
     </span>
     <span class='ocr_line' id='line_1_32' title="bbox 148 1711 932 1749; baseline 0.003 -10"><span class='ocrx_word' id='word_1_193' title='bbox 148 1712 312 1739; x_wconf 82' lang='lat' dir='ltr'>mutatione</span> <span class='ocrx_word' id='word_1_194' title='bbox 328 1711 406 1739; x_wconf 88' lang='lat' dir='ltr'>circa</span> <span class='ocrx_word' id='word_1_195' title='bbox 420 1720 450 1740; x_wconf 93' lang='lat' dir='ltr'>se</span> <span class='ocrx_word' id='word_1_196' title='bbox 467 1711 544 1740; x_wconf 86' lang='lat' dir='ltr'>facta</span> <span class='ocrx_word' id='word_1_197' title='bbox 566 1720 628 1740; x_wconf 90' lang='lat' dir='ltr'>non</span> <span class='ocrx_word' id='word_1_198' title='bbox 643 1712 750 1748; x_wconf 82' lang='lat' dir='ltr'>ploret,</span> <span class='ocrx_word' id='word_1_199' title='bbox 765 1713 818 1741; x_wconf 90' lang='lat' dir='ltr'>sed</span> <span class='ocrx_word' id='word_1_200' title='bbox 833 1713 932 1749; x_wconf 89' lang='lat' dir='ltr'>potius</span> 
     </span>
     <span class='ocr_line' id='line_1_33' title="bbox 149 1759 933 1796; baseline 0.003 -9"><span class='ocrx_word' id='word_1_201' title='bbox 149 1759 344 1787; x_wconf 82' lang='lat' dir='ltr'>admiratione</span> <span class='ocrx_word' id='word_1_202' title='bbox 357 1759 493 1795; x_wconf 83' lang='lat' dir='ltr'>angelica</span> <span class='ocrx_word' id='word_1_203' title='bbox 513 1761 604 1787; x_wconf 89' lang='lat' dir='ltr'>Deum</span> <span class='ocrx_word' id='word_1_204' title='bbox 627 1759 730 1788; x_wconf 80' lang='lat' dir='ltr'>laudet</span> <span class='ocrx_word' id='word_1_205' title='bbox 750 1760 800 1796; x_wconf 84' lang='lat' dir='ltr'>(a).</span> <span class='ocrx_word' id='word_1_206' title='bbox 816 1762 889 1788; x_wconf 83' lang='lat' dir='ltr'>Nam</span> <span class='ocrx_word' id='word_1_207' title='bbox 906 1762 933 1789; x_wconf 85' lang='lat' dir='ltr'>et</span> 
     </span>
     <span class='ocr_line' id='line_1_34' title="bbox 148 1806 933 1843; baseline 0.003 -9"><span class='ocrx_word' id='word_1_208' title='bbox 148 1806 301 1834; x_wconf 77' lang='lat' dir='ltr'>Psalmista</span> <span class='ocrx_word' id='word_1_209' title='bbox 327 1807 337 1823; x_wconf 75' lang='lat'><strong>2</strong></span> <span class='ocrx_word' id='word_1_210' title='bbox 369 1816 375 1834; x_wconf 88' lang='lat'>:</span> <span class='ocrx_word' id='word_1_211' title='bbox 403 1816 416 1832; x_wconf 83' lang='lat'>«</span> <span class='ocrx_word' id='word_1_212' title='bbox 442 1806 575 1834; x_wconf 86' lang='lat' dir='ltr'>Laudent</span> <span class='ocrx_word' id='word_1_213' title='bbox 602 1815 671 1835; x_wconf 88' lang='lat' dir='ltr'>eum</span> <span class='ocrx_word' id='word_1_214' title='bbox 699 1815 803 1835; x_wconf 89' lang='lat' dir='ltr'>omnes</span> <span class='ocrx_word' id='word_1_215' title='bbox 830 1808 933 1843; x_wconf 81' lang='lat' dir='ltr'>Angeli</span> 
     </span>
     <span class='ocr_line' id='line_1_35' title="bbox 148 1853 933 1890; baseline 0.003 -9"><span class='ocrx_word' id='word_1_216' title='bbox 148 1853 220 1888; x_wconf 88' lang='lat' dir='ltr'>ejus.</span> <span class='ocrx_word' id='word_1_217' title='bbox 236 1864 250 1880; x_wconf 67' lang='lat' dir='ltr'>n</span> <span class='ocrx_word' id='word_1_218' title='bbox 269 1856 301 1881; x_wconf 89' lang='lat' dir='ltr'>Et</span> <span class='ocrx_word' id='word_1_219' title='bbox 314 1854 470 1889; x_wconf 86' lang='lat' dir='ltr'>sequitur:</span> <span class='ocrx_word' id='word_1_220' title='bbox 491 1854 593 1888; x_wconf 82' lang='lat' dir='ltr'>«Quia</span> <span class='ocrx_word' id='word_1_221' title='bbox 614 1855 677 1890; x_wconf 87' lang='lat' dir='ltr'>ipse</span> <span class='ocrx_word' id='word_1_222' title='bbox 701 1854 784 1890; x_wconf 76' lang='lat' dir='ltr'>dixit,</span> <span class='ocrx_word' id='word_1_223' title='bbox 807 1858 835 1883; x_wconf 91' lang='lat' dir='ltr'>et</span> <span class='ocrx_word' id='word_1_224' title='bbox 856 1855 933 1884; x_wconf 79' lang='lat' dir='ltr'>facta</span> 
     </span>
     <span class='ocr_line' id='line_1_36' title="bbox 148 1901 933 1936; baseline 0.005 -9"><span class='ocrx_word' id='word_1_225' title='bbox 148 1902 216 1928; x_wconf 91' lang='lat' dir='ltr'>sunt</span> <span class='ocrx_word' id='word_1_226' title='bbox 233 1909 238 1927; x_wconf 83' lang='lat' dir='ltr'>z</span> <span class='ocrx_word' id='word_1_227' title='bbox 255 1901 318 1936; x_wconf 86' lang='lat' dir='ltr'>ipse</span> <span class='ocrx_word' id='word_1_228' title='bbox 334 1901 496 1935; x_wconf 84' lang='lat' dir='ltr'>mandavit,</span> <span class='ocrx_word' id='word_1_229' title='bbox 514 1903 541 1929; x_wconf 93' lang='lat' dir='ltr'>et</span> <span class='ocrx_word' id='word_1_230' title='bbox 556 1903 655 1929; x_wconf 87' lang='lat' dir='ltr'>creata</span> <span class='ocrx_word' id='word_1_231' title='bbox 676 1904 752 1930; x_wconf 89' lang='lat' dir='ltr'>sunt.</span> <span class='ocrx_word' id='word_1_232' title='bbox 779 1903 882 1930; x_wconf 85' lang='lat' dir='ltr'>Statuit</span> <span class='ocrx_word' id='word_1_233' title='bbox 898 1911 933 1931; x_wconf 85' lang='lat' dir='ltr'>ea</span> 
     </span>
     <span class='ocr_line' id='line_1_37' title="bbox 148 1947 932 1986; baseline 0.004 -12"><span class='ocrx_word' id='word_1_234' title='bbox 148 1947 179 1975; x_wconf 90' lang='lat' dir='ltr'>in</span> <span class='ocrx_word' id='word_1_235' title='bbox 206 1948 369 1982; x_wconf 70' lang='lat' dir='ltr'>aeternum,</span> <span class='ocrx_word' id='word_1_236' title='bbox 397 1950 424 1976; x_wconf 87' lang='lat' dir='ltr'>et</span> <span class='ocrx_word' id='word_1_237' title='bbox 457 1948 488 1975; x_wconf 91' lang='lat' dir='ltr'>in</span> <span class='ocrx_word' id='word_1_238' title='bbox 524 1949 666 1976; x_wconf 84' lang='lat' dir='ltr'>saeculum</span> <span class='ocrx_word' id='word_1_239' title='bbox 692 1949 792 1977; x_wconf 65' lang='lat' dir='ltr'>saeculi</span> <span class='ocrx_word' id='word_1_240' title='bbox 820 1959 826 1977; x_wconf 83' lang='lat' dir='ltr'>z</span> <span class='ocrx_word' id='word_1_241' title='bbox 860 1958 932 1986; x_wconf 81' lang='lat' dir='ltr'>prae-</span> 
     </span>
     <span class='ocr_line' id='line_1_38' title="bbox 148 1995 932 2033; baseline 0.005 -11"><span class='ocrx_word' id='word_1_242' title='bbox 148 1997 266 2031; x_wconf 87' lang='lat' dir='ltr'>ceptum</span> <span class='ocrx_word' id='word_1_243' title='bbox 284 1995 398 2030; x_wconf 87' lang='lat' dir='ltr'>posuit,</span> <span class='ocrx_word' id='word_1_244' title='bbox 429 1997 457 2022; x_wconf 88' lang='lat' dir='ltr'>et</span> <span class='ocrx_word' id='word_1_245' title='bbox 479 2003 540 2022; x_wconf 90' lang='lat' dir='ltr'>non</span> <span class='ocrx_word' id='word_1_246' title='bbox 569 1996 738 2031; x_wconf 68' lang='lat' dir='ltr'>praeteribit.</span> <span class='ocrx_word' id='word_1_247' title='bbox 770 2007 783 2023; x_wconf 71' lang='lat' dir='ltr'>n</span> <span class='ocrx_word' id='word_1_248' title='bbox 816 1998 847 2024; x_wconf 91' lang='lat' dir='ltr'>In</span> <span class='ocrx_word' id='word_1_249' title='bbox 871 2006 932 2033; x_wconf 86' lang='lat' dir='ltr'>quo</span> 
     </span>
     <span class='ocr_line' id='line_1_39' title="bbox 147 2042 934 2080; baseline 0.005 -10"><span class='ocrx_word' id='word_1_250' title='bbox 147 2042 240 2071; x_wconf 91' lang='lat' dir='ltr'>verbo</span> <span class='ocrx_word' id='word_1_251' title='bbox 256 2043 358 2071; x_wconf 85' lang='lat' dir='ltr'>divina</span> <span class='ocrx_word' id='word_1_252' title='bbox 373 2045 493 2071; x_wconf 85' lang='lat' dir='ltr'>notatur</span> <span class='ocrx_word' id='word_1_253' title='bbox 513 2045 720 2080; x_wconf 86' lang='lat' dir='ltr'>providentia,</span> <span class='ocrx_word' id='word_1_254' title='bbox 748 2045 880 2073; x_wconf 83' lang='lat' dir='ltr'>formans</span> <span class='ocrx_word' id='word_1_255' title='bbox 905 2048 934 2074; x_wconf 86' lang='lat' dir='ltr'>et</span> 
     </span>
     <span class='ocr_line' id='line_1_40' title="bbox 147 2089 931 2128; baseline 0.004 -10"><span class='ocrx_word' id='word_1_256' title='bbox 147 2089 309 2126; x_wconf 87' lang='lat' dir='ltr'>disponens</span> <span class='ocrx_word' id='word_1_257' title='bbox 324 2091 435 2119; x_wconf 82' lang='lat' dir='ltr'>omnia.</span> <span class='ocrx_word' id='word_1_258' title='bbox 456 2091 526 2125; x_wconf 79' lang='lat' dir='ltr'>Quis</span> <span class='ocrx_word' id='word_1_259' title='bbox 546 2092 641 2126; x_wconf 88' lang='lat' dir='ltr'>enim,</span> <span class='ocrx_word' id='word_1_260' title='bbox 664 2092 719 2120; x_wconf 87' lang='lat' dir='ltr'>nisi</span> <span class='ocrx_word' id='word_1_261' title='bbox 735 2101 853 2128; x_wconf 88' lang='lat' dir='ltr'>amens,</span> <span class='ocrx_word' id='word_1_262' title='bbox 869 2101 931 2121; x_wconf 90' lang='lat' dir='ltr'>non</span> 
     </span>
     <span class='ocr_line' id='line_1_41' title="bbox 148 2137 934 2177; baseline 0.004 -12"><span class='ocrx_word' id='word_1_263' title='bbox 148 2137 321 2173; x_wconf 86' lang='lat' dir='ltr'>admiretur,</span> <span class='ocrx_word' id='word_1_264' title='bbox 338 2140 365 2166; x_wconf 89' lang='lat' dir='ltr'>et</span> <span class='ocrx_word' id='word_1_265' title='bbox 380 2147 415 2166; x_wconf 82' lang='lat' dir='ltr'>ex</span> <span class='ocrx_word' id='word_1_266' title='bbox 430 2139 488 2166; x_wconf 92' lang='lat' dir='ltr'>hoc</span> <span class='ocrx_word' id='word_1_267' title='bbox 504 2140 595 2166; x_wconf 90' lang='lat' dir='ltr'>Deum</span> <span class='ocrx_word' id='word_1_268' title='bbox 610 2139 731 2167; x_wconf 77' lang='lat' dir='ltr'>laudet?</span> <span class='ocrx_word' id='word_1_269' title='bbox 745 2141 811 2176; x_wconf 88' lang='lat' dir='ltr'>Ipsa</span> <span class='ocrx_word' id='word_1_270' title='bbox 831 2149 934 2177; x_wconf 86' lang='lat' dir='ltr'>super-</span> 
     </span>
     <span class='ocr_line' id='line_1_42' title="bbox 148 2184 932 2223; baseline 0.005 -12"><span class='ocrx_word' id='word_1_271' title='bbox 148 2184 278 2212; x_wconf 86' lang='lat' dir='ltr'>coelestia</span> <span class='ocrx_word' id='word_1_272' title='bbox 292 2185 411 2220; x_wconf 83' lang='lat' dir='ltr'>agmina</span> <span class='ocrx_word' id='word_1_273' title='bbox 432 2188 500 2213; x_wconf 89' lang='lat' dir='ltr'>sunt</span> <span class='ocrx_word' id='word_1_274' title='bbox 522 2188 601 2214; x_wconf 84' lang='lat' dir='ltr'>tanta</span> <span class='ocrx_word' id='word_1_275' title='bbox 616 2187 756 2214; x_wconf 85' lang='lat' dir='ltr'>varietate</span> <span class='ocrx_word' id='word_1_276' title='bbox 778 2187 932 2223; x_wconf 89' lang='lat' dir='ltr'>distincta,</span> 
     </span>
     <span class='ocr_line' id='line_1_43' title="bbox 148 2231 933 2270; baseline 0.005 -12"><span class='ocrx_word' id='word_1_277' title='bbox 148 2232 180 2258; x_wconf 94' lang='lat' dir='ltr'>ut</span> <span class='ocrx_word' id='word_1_278' title='bbox 195 2231 319 2267; x_wconf 83' lang='lat' dir='ltr'>quidam</span> <span class='ocrx_word' id='word_1_279' title='bbox 333 2241 368 2260; x_wconf 83' lang='lat' dir='ltr'>ex</span> <span class='ocrx_word' id='word_1_280' title='bbox 390 2233 506 2268; x_wconf 78' lang='lat' dir='ltr'>Angelis</span> <span class='ocrx_word' id='word_1_281' title='bbox 526 2234 583 2261; x_wconf 88' lang='lat' dir='ltr'>sint</span> <span class='ocrx_word' id='word_1_282' title='bbox 608 2242 725 2270; x_wconf 86' lang='lat' dir='ltr'>semper</span> <span class='ocrx_word' id='word_1_283' title='bbox 750 2234 859 2262; x_wconf 90' lang='lat' dir='ltr'>divinis</span> <span class='ocrx_word' id='word_1_284' title='bbox 884 2244 933 2263; x_wconf 87' lang='lat' dir='ltr'>as-</span> 
     </span>
     <span class='ocr_line' id='line_1_44' title="bbox 148 2279 933 2318; baseline 0.006 -13"><span class='ocrx_word' id='word_1_285' title='bbox 148 2279 283 2314; x_wconf 89' lang='lat' dir='ltr'>pectibus</span> <span class='ocrx_word' id='word_1_286' title='bbox 298 2280 473 2315; x_wconf 86' lang='lat' dir='ltr'>assistentes,</span> <span class='ocrx_word' id='word_1_287' title='bbox 490 2280 541 2316; x_wconf 86' lang='lat' dir='ltr'>qui</span> <span class='ocrx_word' id='word_1_288' title='bbox 563 2283 631 2308; x_wconf 90' lang='lat' dir='ltr'>sunt</span> <span class='ocrx_word' id='word_1_289' title='bbox 650 2281 687 2309; x_wconf 92' lang='lat' dir='ltr'>de</span> <span class='ocrx_word' id='word_1_290' title='bbox 703 2282 848 2318; x_wconf 89' lang='lat' dir='ltr'>superiori</span> <span class='ocrx_word' id='word_1_291' title='bbox 870 2282 933 2310; x_wconf 88' lang='lat' dir='ltr'>hie-</span> 
     </span>
     <span class='ocr_line' id='line_1_45' title="bbox 148 2326 933 2364; baseline 0.005 -11"><span class='ocrx_word' id='word_1_292' title='bbox 148 2326 287 2361; x_wconf 82' lang='lat' dir='ltr'>rarchia3</span> <span class='ocrx_word' id='word_1_293' title='bbox 318 2326 442 2362; x_wconf 88' lang='lat' dir='ltr'>quidam</span> <span class='ocrx_word' id='word_1_294' title='bbox 470 2329 537 2355; x_wconf 87' lang='lat' dir='ltr'>sunt</span> <span class='ocrx_word' id='word_1_295' title='bbox 566 2329 773 2364; x_wconf 82' lang='lat' dir='ltr'>praesidenteS,</span> <span class='ocrx_word' id='word_1_296' title='bbox 812 2332 839 2357; x_wconf 88' lang='lat' dir='ltr'>et</span> <span class='ocrx_word' id='word_1_297' title='bbox 869 2330 933 2358; x_wconf 90' lang='lat' dir='ltr'>aliis</span> 
     </span>
     <span class='ocr_line' id='line_1_46' title="bbox 148 2373 932 2410; baseline 0.006 -10"><span class='ocrx_word' id='word_1_298' title='bbox 148 2373 343 2409; x_wconf 78' lang='lat' dir='ltr'>imperantes,</span> <span class='ocrx_word' id='word_1_299' title='bbox 369 2374 442 2401; x_wconf 88' lang='lat' dir='ltr'>sicut</span> <span class='ocrx_word' id='word_1_300' title='bbox 464 2375 516 2410; x_wconf 88' lang='lat' dir='ltr'>qui</span> <span class='ocrx_word' id='word_1_301' title='bbox 541 2378 609 2403; x_wconf 84' lang='lat' dir='ltr'>sunt</span> <span class='ocrx_word' id='word_1_302' title='bbox 634 2376 671 2404; x_wconf 92' lang='lat' dir='ltr'>de</span> <span class='ocrx_word' id='word_1_303' title='bbox 696 2376 797 2404; x_wconf 88' lang='lat' dir='ltr'>media</span> <span class='ocrx_word' id='word_1_304' title='bbox 819 2377 932 2405; x_wconf 87' lang='lat' dir='ltr'>hierar-</span> 
     </span>
     <span class='ocr_line' id='line_1_47' title="bbox 149 2420 932 2459; baseline 0.008 -12"><span class='ocrx_word' id='word_1_305' title='bbox 149 2420 229 2455; x_wconf 82' lang='lat' dir='ltr'>chia;</span> <span class='ocrx_word' id='word_1_306' title='bbox 251 2421 375 2457; x_wconf 89' lang='lat' dir='ltr'>quidam</span> <span class='ocrx_word' id='word_1_307' title='bbox 398 2423 464 2449; x_wconf 90' lang='lat' dir='ltr'>sunt</span> <span class='ocrx_word' id='word_1_308' title='bbox 488 2422 679 2458; x_wconf 85' lang='lat' dir='ltr'>obedientes,</span> <span class='ocrx_word' id='word_1_309' title='bbox 700 2425 728 2451; x_wconf 92' lang='lat' dir='ltr'>et</span> <span class='ocrx_word' id='word_1_310' title='bbox 748 2425 831 2459; x_wconf 86' lang='lat' dir='ltr'>jussa</span> <span class='ocrx_word' id='word_1_311' title='bbox 851 2433 932 2453; x_wconf 88' lang='lat' dir='ltr'>com-</span> 
     </span>
     <span class='ocr_line' id='line_1_48' title="bbox 148 2467 930 2505; baseline 0.006 -10"><span class='ocrx_word' id='word_1_312' title='bbox 148 2467 274 2503; x_wconf 79' lang='lat' dir='ltr'>plentes,</span> <span class='ocrx_word' id='word_1_313' title='bbox 298 2468 371 2496; x_wconf 86' lang='lat' dir='ltr'>sicut</span> <span class='ocrx_word' id='word_1_314' title='bbox 399 2469 449 2505; x_wconf 92' lang='lat' dir='ltr'>qui</span> <span class='ocrx_word' id='word_1_315' title='bbox 473 2471 541 2497; x_wconf 87' lang='lat' dir='ltr'>sunt</span> <span class='ocrx_word' id='word_1_316' title='bbox 565 2469 602 2497; x_wconf 92' lang='lat' dir='ltr'>de</span> <span class='ocrx_word' id='word_1_317' title='bbox 628 2470 732 2498; x_wconf 83' lang='lat' dir='ltr'>infima</span> <span class='ocrx_word' id='word_1_318' title='bbox 756 2471 930 2500; x_wconf 84' lang='lat' dir='ltr'>hierarchia.</span> 
     </span>
     <span class='ocr_line' id='line_1_49' title="bbox 149 2515 933 2553; baseline 0.006 -11"><span class='ocrx_word' id='word_1_319' title='bbox 149 2515 218 2548; x_wconf 85' lang='lat' dir='ltr'>Quis</span> <span class='ocrx_word' id='word_1_320' title='bbox 232 2523 294 2544; x_wconf 88' lang='lat' dir='ltr'>non</span> <span class='ocrx_word' id='word_1_321' title='bbox 310 2517 442 2551; x_wconf 88' lang='lat' dir='ltr'>miretur,</span> <span class='ocrx_word' id='word_1_322' title='bbox 458 2519 486 2544; x_wconf 90' lang='lat' dir='ltr'>et</span> <span class='ocrx_word' id='word_1_323' title='bbox 501 2518 592 2544; x_wconf 89' lang='lat' dir='ltr'>Deum</span> <span class='ocrx_word' id='word_1_324' title='bbox 606 2516 717 2553; x_wconf 87' lang='lat' dir='ltr'>laudet,</span> <span class='ocrx_word' id='word_1_325' title='bbox 735 2519 804 2546; x_wconf 88' lang='lat' dir='ltr'>dum</span> <span class='ocrx_word' id='word_1_326' title='bbox 821 2521 933 2548; x_wconf 86' lang='lat' dir='ltr'>tantam</span> 
     </span>
     <span class='ocr_line' id='line_1_50' title="bbox 149 2561 932 2601; baseline 0.006 -12"><span class='ocrx_word' id='word_1_327' title='bbox 149 2561 228 2590; x_wconf 86' lang='lat' dir='ltr'>videt</span> <span class='ocrx_word' id='word_1_328' title='bbox 250 2562 416 2592; x_wconf 82' lang='lat' dir='ltr'>doctrinam</span> <span class='ocrx_word' id='word_1_329' title='bbox 443 2564 598 2600; x_wconf 85' lang='lat' dir='ltr'>coelorum,</span> <span class='ocrx_word' id='word_1_330' title='bbox 625 2565 760 2601; x_wconf 88' lang='lat' dir='ltr'>orbium,</span> <span class='ocrx_word' id='word_1_331' title='bbox 783 2568 810 2594; x_wconf 89' lang='lat' dir='ltr'>et</span> <span class='ocrx_word' id='word_1_332' title='bbox 833 2567 932 2595; x_wconf 89' lang='lat' dir='ltr'>stella-</span> 
     </span>
    </p>
   </div>
   <div class='ocr_carea' id='block_1_3' title="bbox 150 2636 930 2744">
    <p class='ocr_par' dir='ltr' id='par_1_4' title="bbox 150 2636 930 2744">
     <span class='ocr_line' id='line_1_51' title="bbox 181 2636 930 2674; baseline 0.012 -16"><span class='ocrx_word' id='word_1_333' title='bbox 181 2637 188 2652; x_wconf 90' lang='lat'>¹</span> <span class='ocrx_word' id='word_1_334' title='bbox 209 2636 264 2665; x_wconf 73' lang='lat' dir='ltr'>lob,</span> <span class='ocrx_word' id='word_1_335' title='bbox 284 2643 402 2669; x_wconf 80' lang='lat' dir='ltr'>xxxviii,</span> <span class='ocrx_word' id='word_1_336' title='bbox 422 2640 445 2663; x_wconf 83' lang='lat'>7.</span> <span class='ocrx_word' id='word_1_337' title='bbox 465 2653 496 2657; x_wconf 89' lang='lat'>--</span> <span class='ocrx_word' id='word_1_338' title='bbox 512 2640 522 2655; x_wconf 80' lang='lat'><strong>²</strong></span> <span class='ocrx_word' id='word_1_339' title='bbox 537 2640 606 2665; x_wconf 78' lang='lat' dir='ltr'>Psal.</span> <span class='ocrx_word' id='word_1_340' title='bbox 623 2646 735 2671; x_wconf 65' lang='lat' dir='ltr'>cxnvlii,</span> <span class='ocrx_word' id='word_1_341' title='bbox 756 2642 770 2664; x_wconf 81' lang='lat'>2</span> <span class='ocrx_word' id='word_1_342' title='bbox 789 2643 814 2666; x_wconf 84' lang='lat' dir='ltr'>et</span> <span class='ocrx_word' id='word_1_343' title='bbox 829 2649 884 2674; x_wconf 88' lang='lat' dir='ltr'>seq.</span> <span class='ocrx_word' id='word_1_344' title='bbox 904 2656 930 2660; x_wconf 87' lang='lat'>——</span> 
     </span>
     <span class='ocr_line' id='line_1_52' title="bbox 150 2671 930 2710; baseline 0.01 -15"><span class='ocrx_word' id='word_1_345' title='bbox 150 2672 159 2688; x_wconf 76' lang='lat'><strong>⁸</strong></span> <span class='ocrx_word' id='word_1_346' title='bbox 175 2671 288 2701; x_wconf 68' lang='lat' dir='ltr'>Hieron,</span> <span class='ocrx_word' id='word_1_347' title='bbox 310 2675 341 2699; x_wconf 84' lang='lat' dir='ltr'>de</span> <span class='ocrx_word' id='word_1_348' title='bbox 359 2675 440 2700; x_wconf 87' lang='lat' dir='ltr'>Cereo</span> <span class='ocrx_word' id='word_1_349' title='bbox 460 2676 557 2706; x_wconf 65' lang='lat' dir='ltr'>pascu,</span> <span class='ocrx_word' id='word_1_350' title='bbox 582 2677 654 2708; x_wconf 80' lang='lat' dir='ltr'>epist.</span> <span class='ocrx_word' id='word_1_351' title='bbox 681 2683 728 2710; x_wconf 79' lang='lat' dir='ltr'>xx,</span> <span class='ocrx_word' id='word_1_352' title='bbox 752 2677 819 2702; x_wconf 82' lang='lat' dir='ltr'>circa</span> <span class='ocrx_word' id='word_1_353' title='bbox 838 2679 880 2703; x_wconf 84' lang='lat' dir='ltr'>fin.</span> <span class='ocrx_word' id='word_1_354' title='bbox 904 2693 930 2697; x_wconf 75' lang='lat'>—</span> 
     </span>
     <span class='ocr_line' id='line_1_53' title="bbox 152 2708 580 2744; baseline 0.009 -11"><span class='ocrx_word' id='word_1_355' title='bbox 152 2708 160 2724; x_wconf 50' lang='grc' dir='ltr'>ὅ</span> <span class='ocrx_word' id='word_1_356' title='bbox 176 2708 234 2738; x_wconf 64' lang='lat' dir='ltr'>lsa„</span> <span class='ocrx_word' id='word_1_357' title='bbox 251 2715 293 2741; x_wconf 79' lang='lat' dir='ltr'>Lx,</span> <span class='ocrx_word' id='word_1_358' title='bbox 310 2713 332 2735; x_wconf 87' lang='lat'>5.</span> <span class='ocrx_word' id='word_1_359' title='bbox 350 2725 375 2728; x_wconf 83' lang='lat'>—</span> <span class='ocrx_word' id='word_1_360' title='bbox 392 2712 402 2728; x_wconf 66' lang='grc' dir='ltr'><strong>ὅ</strong></span> <span class='ocrx_word' id='word_1_361' title='bbox 417 2712 483 2737; x_wconf 72' lang='lat' dir='ltr'>Psel.</span> <span class='ocrx_word' id='word_1_362' title='bbox 500 2719 540 2744; x_wconf 71' lang='lat' dir='ltr'>CL,</span> <span class='ocrx_word' id='word_1_363' title='bbox 556 2714 580 2738; x_wconf 72' lang='lat'>2.</span> 
     </span>
    </p>
   </div>
   <div class='ocr_carea' id='block_1_4' title="bbox 1713 230 1767 260">
    <p class='ocr_par' dir='ltr' id='par_1_5' title="bbox 1713 230 1767 260">
     <span class='ocr_line' id='line_1_54' title="bbox 1713 230 1767 260; baseline 0.019 -1"><span class='ocrx_word' id='word_1_364' title='bbox 1713 230 1767 260; x_wconf 75' lang='lat'>121</span> 
     </span>
    </p>
   </div>
   <div class='ocr_carea' id='block_1_5' title="bbox 984 293 1779 2648">
    <p class='ocr_par' dir='ltr' id='par_1_6' title="bbox 984 293 1779 2648">
     <span class='ocr_line' id='line_1_55' title="bbox 984 293 1772 331; baseline 0.005 -11"><span class='ocrx_word' id='word_1_365' title='bbox 984 300 1062 327; x_wconf 86' lang='lat' dir='ltr'>rum,</span> <span class='ocrx_word' id='word_1_366' title='bbox 1077 301 1139 321; x_wconf 88' lang='lat' dir='ltr'>non</span> <span class='ocrx_word' id='word_1_367' title='bbox 1150 293 1248 322; x_wconf 91' lang='lat' dir='ltr'>solum</span> <span class='ocrx_word' id='word_1_368' title='bbox 1263 293 1294 322; x_wconf 89' lang='lat' dir='ltr'>in</span> <span class='ocrx_word' id='word_1_369' title='bbox 1306 293 1405 330; x_wconf 89' lang='lat' dir='ltr'>specie</span> <span class='ocrx_word' id='word_1_370' title='bbox 1418 295 1446 322; x_wconf 91' lang='lat' dir='ltr'>et</span> <span class='ocrx_word' id='word_1_371' title='bbox 1460 293 1602 331; x_wconf 85' lang='lat' dir='ltr'>claritate,</span> <span class='ocrx_word' id='word_1_372' title='bbox 1614 295 1668 323; x_wconf 88' lang='lat' dir='ltr'>sed</span> <span class='ocrx_word' id='word_1_373' title='bbox 1683 295 1772 324; x_wconf 86' lang='lat' dir='ltr'>etiam</span> 
     </span>
     <span class='ocr_line' id='line_1_56' title="bbox 984 339 1773 378; baseline 0.005 -11"><span class='ocrx_word' id='word_1_374' title='bbox 984 339 1015 368; x_wconf 92' lang='lat' dir='ltr'>in</span> <span class='ocrx_word' id='word_1_375' title='bbox 1036 340 1142 368; x_wconf 87' lang='lat' dir='ltr'>virtute</span> <span class='ocrx_word' id='word_1_376' title='bbox 1165 340 1388 370; x_wconf 79' lang='lat' dir='ltr'>differentium?</span> <span class='ocrx_word' id='word_1_377' title='bbox 1409 341 1481 375; x_wconf 88' lang='lat' dir='ltr'>Quis</span> <span class='ocrx_word' id='word_1_378' title='bbox 1504 350 1566 370; x_wconf 91' lang='lat' dir='ltr'>non</span> <span class='ocrx_word' id='word_1_379' title='bbox 1588 342 1722 378; x_wconf 81' lang='lat' dir='ltr'>miretur,</span> <span class='ocrx_word' id='word_1_380' title='bbox 1745 345 1773 371; x_wconf 89' lang='lat' dir='ltr'>et</span> 
     </span>
     <span class='ocr_line' id='line_1_57' title="bbox 985 387 1773 423; baseline 0.005 -9"><span class='ocrx_word' id='word_1_381' title='bbox 985 388 1078 415; x_wconf 89' lang='lat' dir='ltr'>Deum</span> <span class='ocrx_word' id='word_1_382' title='bbox 1098 387 1215 423; x_wconf 85' lang='lat' dir='ltr'>laudet,</span> <span class='ocrx_word' id='word_1_383' title='bbox 1241 388 1314 416; x_wconf 91' lang='lat' dir='ltr'>dum</span> <span class='ocrx_word' id='word_1_384' title='bbox 1335 388 1418 417; x_wconf 91' lang='lat' dir='ltr'>videt</span> <span class='ocrx_word' id='word_1_385' title='bbox 1436 391 1547 417; x_wconf 86' lang='lat' dir='ltr'>tantam</span> <span class='ocrx_word' id='word_1_386' title='bbox 1572 389 1773 418; x_wconf 88' lang='lat' dir='ltr'>diversitatem</span> 
     </span>
     <span class='ocr_line' id='line_1_58' title="bbox 984 433 1773 474; baseline 0.005 -13"><span class='ocrx_word' id='word_1_387' title='bbox 984 433 1152 469; x_wconf 91' lang='lat' dir='ltr'>hominum,</span> <span class='ocrx_word' id='word_1_388' title='bbox 1169 435 1305 463; x_wconf 87' lang='lat' dir='ltr'>moribus</span> <span class='ocrx_word' id='word_1_389' title='bbox 1320 438 1348 463; x_wconf 89' lang='lat' dir='ltr'>et</span> <span class='ocrx_word' id='word_1_390' title='bbox 1363 436 1422 464; x_wconf 90' lang='lat' dir='ltr'>vita</span> <span class='ocrx_word' id='word_1_391' title='bbox 1438 435 1652 471; x_wconf 85' lang='lat' dir='ltr'>differentium,</span> <span class='ocrx_word' id='word_1_392' title='bbox 1665 437 1696 464; x_wconf 91' lang='lat' dir='ltr'>in</span> <span class='ocrx_word' id='word_1_393' title='bbox 1707 437 1773 474; x_wconf 88' lang='lat' dir='ltr'>qui-</span> 
     </span>
     <span class='ocr_line' id='line_1_59' title="bbox 984 482 1773 520; baseline 0.005 -10"><span class='ocrx_word' id='word_1_394' title='bbox 984 482 1042 510; x_wconf 85' lang='lat' dir='ltr'>hus</span> <span class='ocrx_word' id='word_1_395' title='bbox 1057 482 1198 511; x_wconf 91' lang='lat' dir='ltr'>omnibus</span> <span class='ocrx_word' id='word_1_396' title='bbox 1211 484 1293 512; x_wconf 85' lang='lat' dir='ltr'>tanta</span> <span class='ocrx_word' id='word_1_397' title='bbox 1317 486 1360 512; x_wconf 90' lang='lat' dir='ltr'>est</span> <span class='ocrx_word' id='word_1_398' title='bbox 1382 483 1538 512; x_wconf 87' lang='lat' dir='ltr'>diversitas</span> <span class='ocrx_word' id='word_1_399' title='bbox 1561 483 1717 520; x_wconf 88' lang='lat' dir='ltr'>facierum,</span> <span class='ocrx_word' id='word_1_400' title='bbox 1742 485 1773 514; x_wconf 91' lang='lat' dir='ltr'>in</span> 
     </span>
     <span class='ocr_line' id='line_1_60' title="bbox 986 529 1774 566; baseline 0.005 -9"><span class='ocrx_word' id='word_1_401' title='bbox 986 529 1118 565; x_wconf 91' lang='lat' dir='ltr'>modico,</span> <span class='ocrx_word' id='word_1_402' title='bbox 1134 529 1183 557; x_wconf 87' lang='lat' dir='ltr'>vel</span> <span class='ocrx_word' id='word_1_403' title='bbox 1196 530 1227 557; x_wconf 93' lang='lat' dir='ltr'>in</span> <span class='ocrx_word' id='word_1_404' title='bbox 1241 530 1326 559; x_wconf 87' lang='lat' dir='ltr'>nullo</span> <span class='ocrx_word' id='word_1_405' title='bbox 1341 531 1507 559; x_wconf 79' lang='lat' dir='ltr'>similium?</span> <span class='ocrx_word' id='word_1_406' title='bbox 1522 531 1591 566; x_wconf 85' lang='lat' dir='ltr'>Quis</span> <span class='ocrx_word' id='word_1_407' title='bbox 1607 540 1668 560; x_wconf 91' lang='lat' dir='ltr'>non</span> <span class='ocrx_word' id='word_1_408' title='bbox 1684 532 1774 561; x_wconf 86' lang='lat' dir='ltr'>mire-</span> 
     </span>
     <span class='ocr_line' id='line_1_61' title="bbox 986 577 1773 616; baseline 0.004 -11"><span class='ocrx_word' id='word_1_409' title='bbox 986 578 1043 611; x_wconf 89' lang='lat' dir='ltr'>tur,</span> <span class='ocrx_word' id='word_1_410' title='bbox 1059 579 1087 605; x_wconf 94' lang='lat' dir='ltr'>et</span> <span class='ocrx_word' id='word_1_411' title='bbox 1101 579 1193 605; x_wconf 90' lang='lat' dir='ltr'>Deum</span> <span class='ocrx_word' id='word_1_412' title='bbox 1213 577 1326 611; x_wconf 81' lang='lat' dir='ltr'>laudet,</span> <span class='ocrx_word' id='word_1_413' title='bbox 1343 578 1417 606; x_wconf 92' lang='lat' dir='ltr'>dum</span> <span class='ocrx_word' id='word_1_414' title='bbox 1437 579 1581 616; x_wconf 90' lang='lat' dir='ltr'>conspicit</span> <span class='ocrx_word' id='word_1_415' title='bbox 1604 579 1635 607; x_wconf 92' lang='lat' dir='ltr'>in</span> <span class='ocrx_word' id='word_1_416' title='bbox 1657 580 1773 608; x_wconf 91' lang='lat' dir='ltr'>mundo</span> 
     </span>
     <span class='ocr_line' id='line_1_62' title="bbox 986 624 1774 662; baseline 0.004 -10"><span class='ocrx_word' id='word_1_417' title='bbox 986 625 1047 652; x_wconf 83' lang='lat' dir='ltr'>tam</span> <span class='ocrx_word' id='word_1_418' title='bbox 1060 624 1180 653; x_wconf 89' lang='lat' dir='ltr'>modico</span> <span class='ocrx_word' id='word_1_419' title='bbox 1193 626 1307 652; x_wconf 87' lang='lat' dir='ltr'>tantam</span> <span class='ocrx_word' id='word_1_420' title='bbox 1322 625 1521 654; x_wconf 88' lang='lat' dir='ltr'>diversitatem</span> <span class='ocrx_word' id='word_1_421' title='bbox 1538 628 1695 662; x_wconf 87' lang='lat' dir='ltr'>terrarum,</span> <span class='ocrx_word' id='word_1_422' title='bbox 1713 629 1774 655; x_wconf 85' lang='lat' dir='ltr'>tan-</span> 
     </span>
     <span class='ocr_line' id='line_1_63' title="bbox 986 671 1773 709; baseline 0.005 -10"><span class='ocrx_word' id='word_1_423' title='bbox 986 672 1048 699; x_wconf 86' lang='lat' dir='ltr'>tam</span> <span class='ocrx_word' id='word_1_424' title='bbox 1063 671 1265 700; x_wconf 83' lang='lat' dir='ltr'>diversitatem</span> <span class='ocrx_word' id='word_1_425' title='bbox 1278 672 1434 707; x_wconf 87' lang='lat' dir='ltr'>montinm,</span> <span class='ocrx_word' id='word_1_426' title='bbox 1449 673 1584 708; x_wconf 86' lang='lat' dir='ltr'>collium,</span> <span class='ocrx_word' id='word_1_427' title='bbox 1597 675 1626 702; x_wconf 88' lang='lat' dir='ltr'>et</span> <span class='ocrx_word' id='word_1_428' title='bbox 1636 674 1773 709; x_wconf 88' lang='lat' dir='ltr'>vallium,</span> 
     </span>
     <span class='ocr_line' id='line_1_64' title="bbox 986 718 1773 757; baseline 0.005 -11"><span class='ocrx_word' id='word_1_429' title='bbox 986 719 1099 746; x_wconf 84' lang='lat' dir='ltr'>tantam</span> <span class='ocrx_word' id='word_1_430' title='bbox 1123 718 1295 747; x_wconf 82' lang='lat' dir='ltr'>varietatem</span> <span class='ocrx_word' id='word_1_431' title='bbox 1320 719 1561 755; x_wconf 88' lang='lat' dir='ltr'>provinciarum,</span> <span class='ocrx_word' id='word_1_432' title='bbox 1588 722 1773 757; x_wconf 86' lang='lat' dir='ltr'>castrorum,</span> 
     </span>
     <span class='ocr_line' id='line_1_65' title="bbox 987 765 1772 803; baseline 0.004 -10"><span class='ocrx_word' id='word_1_433' title='bbox 987 765 1139 794; x_wconf 85' lang='lat' dir='ltr'>civitatum</span> <span class='ocrx_word' id='word_1_434' title='bbox 1161 768 1188 794; x_wconf 90' lang='lat' dir='ltr'>et</span> <span class='ocrx_word' id='word_1_435' title='bbox 1210 766 1366 802; x_wconf 86' lang='lat' dir='ltr'>villarum,</span> <span class='ocrx_word' id='word_1_436' title='bbox 1386 767 1558 803; x_wconf 84' lang='lat' dir='ltr'>linguarum</span> <span class='ocrx_word' id='word_1_437' title='bbox 1583 769 1611 795; x_wconf 88' lang='lat' dir='ltr'>et</span> <span class='ocrx_word' id='word_1_438' title='bbox 1634 776 1772 803; x_wconf 89' lang='lat' dir='ltr'>morum,</span> 
     </span>
     <span class='ocr_line' id='line_1_66' title="bbox 988 814 1773 850; baseline 0.004 -9"><span class='ocrx_word' id='word_1_439' title='bbox 988 815 1099 841; x_wconf 87' lang='lat' dir='ltr'>tantam</span> <span class='ocrx_word' id='word_1_440' title='bbox 1112 814 1284 842; x_wconf 83' lang='lat' dir='ltr'>varietatem</span> <span class='ocrx_word' id='word_1_441' title='bbox 1295 822 1449 850; x_wconf 86' lang='lat' dir='ltr'>saporum,</span> <span class='ocrx_word' id='word_1_442' title='bbox 1462 814 1591 842; x_wconf 88' lang='lat' dir='ltr'>odorum</span> <span class='ocrx_word' id='word_1_443' title='bbox 1604 817 1631 843; x_wconf 93' lang='lat' dir='ltr'>et</span> <span class='ocrx_word' id='word_1_444' title='bbox 1642 815 1773 844; x_wconf 75' lang='lat' dir='ltr'>florum?</span> 
     </span>
     <span class='ocr_line' id='line_1_67' title="bbox 988 860 1774 900; baseline 0.004 -12"><span class='ocrx_word' id='word_1_445' title='bbox 988 860 1058 894; x_wconf 85' lang='lat' dir='ltr'>Quis</span> <span class='ocrx_word' id='word_1_446' title='bbox 1072 868 1135 888; x_wconf 89' lang='lat' dir='ltr'>non</span> <span class='ocrx_word' id='word_1_447' title='bbox 1149 861 1282 895; x_wconf 89' lang='lat' dir='ltr'>miretur,</span> <span class='ocrx_word' id='word_1_448' title='bbox 1296 864 1324 889; x_wconf 89' lang='lat' dir='ltr'>et</span> <span class='ocrx_word' id='word_1_449' title='bbox 1339 863 1431 890; x_wconf 91' lang='lat' dir='ltr'>Deum</span> <span class='ocrx_word' id='word_1_450' title='bbox 1445 862 1559 897; x_wconf 85' lang='lat' dir='ltr'>laudet,</span> <span class='ocrx_word' id='word_1_451' title='bbox 1572 862 1645 890; x_wconf 91' lang='lat' dir='ltr'>dum</span> <span class='ocrx_word' id='word_1_452' title='bbox 1658 863 1774 900; x_wconf 90' lang='lat' dir='ltr'>conspi-</span> 
     </span>
     <span class='ocr_line' id='line_1_68' title="bbox 988 907 1775 946; baseline 0.005 -11"><span class='ocrx_word' id='word_1_453' title='bbox 988 907 1027 935; x_wconf 85' lang='lat' dir='ltr'>cit</span> <span class='ocrx_word' id='word_1_454' title='bbox 1057 909 1170 936; x_wconf 86' lang='lat' dir='ltr'>tantam</span> <span class='ocrx_word' id='word_1_455' title='bbox 1197 909 1370 937; x_wconf 88' lang='lat' dir='ltr'>varietatem</span> <span class='ocrx_word' id='word_1_456' title='bbox 1395 910 1548 946; x_wconf 88' lang='lat' dir='ltr'>lapidum,</span> <span class='ocrx_word' id='word_1_457' title='bbox 1575 919 1609 939; x_wconf 88' lang='lat' dir='ltr'>ac</span> <span class='ocrx_word' id='word_1_458' title='bbox 1638 910 1775 939; x_wconf 90' lang='lat' dir='ltr'>omnium</span> 
     </span>
     <span class='ocr_line' id='line_1_69' title="bbox 989 955 1774 994; baseline 0.006 -12"><span class='ocrx_word' id='word_1_459' title='bbox 989 955 1180 983; x_wconf 86' lang='lat' dir='ltr'>metallorum</span> <span class='ocrx_word' id='word_1_460' title='bbox 1189 957 1202 983; x_wconf 71' lang='grc' dir='ltr'>ἱ)</span> <span class='ocrx_word' id='word_1_461' title='bbox 1216 956 1285 990; x_wconf 83' lang='lat' dir='ltr'>Quis</span> <span class='ocrx_word' id='word_1_462' title='bbox 1298 964 1359 984; x_wconf 89' lang='lat' dir='ltr'>non</span> <span class='ocrx_word' id='word_1_463' title='bbox 1372 957 1506 992; x_wconf 84' lang='lat' dir='ltr'>miretur,</span> <span class='ocrx_word' id='word_1_464' title='bbox 1519 959 1547 986; x_wconf 88' lang='lat' dir='ltr'>et</span> <span class='ocrx_word' id='word_1_465' title='bbox 1555 958 1659 986; x_wconf 89' lang='lat' dir='ltr'>laudet</span> <span class='ocrx_word' id='word_1_466' title='bbox 1670 959 1774 994; x_wconf 90' lang='lat' dir='ltr'>Deum,</span> 
     </span>
     <span class='ocr_line' id='line_1_70' title="bbox 989 1002 1775 1034; baseline 0.006 -5"><span class='ocrx_word' id='word_1_467' title='bbox 989 1002 1062 1030; x_wconf 89' lang='lat' dir='ltr'>dum</span> <span class='ocrx_word' id='word_1_468' title='bbox 1087 1004 1200 1030; x_wconf 85' lang='lat' dir='ltr'>tantam</span> <span class='ocrx_word' id='word_1_469' title='bbox 1225 1004 1316 1031; x_wconf 89' lang='lat' dir='ltr'>cernit</span> <span class='ocrx_word' id='word_1_470' title='bbox 1342 1004 1543 1033; x_wconf 85' lang='lat' dir='ltr'>diversitatem</span> <span class='ocrx_word' id='word_1_471' title='bbox 1572 1005 1722 1034; x_wconf 77' lang='lat' dir='ltr'>fructuum</span> <span class='ocrx_word' id='word_1_472' title='bbox 1747 1007 1775 1034; x_wconf 89' lang='lat' dir='ltr'>et</span> 
     </span>
     <span class='ocr_line' id='line_1_71' title="bbox 989 1050 1775 1088; baseline 0.006 -12"><span class='ocrx_word' id='word_1_473' title='bbox 989 1050 1174 1084; x_wconf 79' lang='lat' dir='ltr'>granorum?</span> <span class='ocrx_word' id='word_1_474' title='bbox 1189 1050 1258 1084; x_wconf 86' lang='lat' dir='ltr'>Quis</span> <span class='ocrx_word' id='word_1_475' title='bbox 1274 1059 1335 1079; x_wconf 92' lang='lat' dir='ltr'>non</span> <span class='ocrx_word' id='word_1_476' title='bbox 1352 1051 1484 1087; x_wconf 89' lang='lat' dir='ltr'>miretur,</span> <span class='ocrx_word' id='word_1_477' title='bbox 1501 1053 1530 1080; x_wconf 88' lang='lat' dir='ltr'>et</span> <span class='ocrx_word' id='word_1_478' title='bbox 1544 1052 1648 1080; x_wconf 86' lang='lat' dir='ltr'>laudet</span> <span class='ocrx_word' id='word_1_479' title='bbox 1671 1054 1775 1088; x_wconf 89' lang='lat' dir='ltr'>Deum,</span> 
     </span>
     <span class='ocr_line' id='line_1_72' title="bbox 990 1096 1775 1128; baseline 0.006 -5"><span class='ocrx_word' id='word_1_480' title='bbox 990 1096 1063 1124; x_wconf 89' lang='lat' dir='ltr'>dum</span> <span class='ocrx_word' id='word_1_481' title='bbox 1079 1097 1171 1125; x_wconf 89' lang='lat' dir='ltr'>cernit</span> <span class='ocrx_word' id='word_1_482' title='bbox 1186 1099 1298 1126; x_wconf 85' lang='lat' dir='ltr'>tantam</span> <span class='ocrx_word' id='word_1_483' title='bbox 1314 1098 1515 1127; x_wconf 81' lang='lat' dir='ltr'>diversitatem</span> <span class='ocrx_word' id='word_1_484' title='bbox 1531 1099 1708 1128; x_wconf 86' lang='lat' dir='ltr'>animalium</span> <span class='ocrx_word' id='word_1_485' title='bbox 1722 1108 1775 1128; x_wconf 92' lang='lat' dir='ltr'>vo-</span> 
     </span>
     <span class='ocr_line' id='line_1_73' title="bbox 989 1143 1776 1181; baseline 0.006 -10"><span class='ocrx_word' id='word_1_486' title='bbox 989 1143 1132 1179; x_wconf 88' lang='lat' dir='ltr'>latilium,</span> <span class='ocrx_word' id='word_1_487' title='bbox 1159 1145 1377 1181; x_wconf 82' lang='lat' dir='ltr'>gressibilium,</span> <span class='ocrx_word' id='word_1_488' title='bbox 1405 1148 1432 1174; x_wconf 92' lang='lat' dir='ltr'>et</span> <span class='ocrx_word' id='word_1_489' title='bbox 1455 1146 1640 1180; x_wconf 85' lang='lat' dir='ltr'>natatilium,</span> <span class='ocrx_word' id='word_1_490' title='bbox 1662 1149 1776 1176; x_wconf 83' lang='lat' dir='ltr'>tantam</span> 
     </span>
     <span class='ocr_line' id='line_1_74' title="bbox 990 1191 1776 1229; baseline 0.005 -10"><span class='ocrx_word' id='word_1_491' title='bbox 990 1191 1191 1220; x_wconf 88' lang='lat' dir='ltr'>diversitatem</span> <span class='ocrx_word' id='word_1_492' title='bbox 1206 1193 1347 1229; x_wconf 90' lang='lat' dir='ltr'>pilorum,</span> <span class='ocrx_word' id='word_1_493' title='bbox 1364 1194 1522 1229; x_wconf 87' lang='lat' dir='ltr'>virtutum,</span> <span class='ocrx_word' id='word_1_494' title='bbox 1538 1196 1566 1222; x_wconf 86' lang='lat' dir='ltr'>et</span> <span class='ocrx_word' id='word_1_495' title='bbox 1580 1196 1776 1223; x_wconf 78' lang='lat' dir='ltr'>naturarum?</span> 
     </span>
     <span class='ocr_line' id='line_1_75' title="bbox 990 1239 1775 1278; baseline 0.005 -12"><span class='ocrx_word' id='word_1_496' title='bbox 990 1239 1112 1267; x_wconf 84' lang='lat' dir='ltr'>Attende</span> <span class='ocrx_word' id='word_1_497' title='bbox 1137 1248 1225 1275; x_wconf 85' lang='lat' dir='ltr'>ergo,</span> <span class='ocrx_word' id='word_1_498' title='bbox 1246 1240 1357 1275; x_wconf 89' lang='lat' dir='ltr'>homo,</span> <span class='ocrx_word' id='word_1_499' title='bbox 1378 1240 1450 1277; x_wconf 85' lang='lat' dir='ltr'>quia</span> <span class='ocrx_word' id='word_1_500' title='bbox 1471 1241 1573 1269; x_wconf 89' lang='lat' dir='ltr'>omnia</span> <span class='ocrx_word' id='word_1_501' title='bbox 1594 1242 1649 1270; x_wconf 88' lang='lat' dir='ltr'>ista</span> <span class='ocrx_word' id='word_1_502' title='bbox 1671 1251 1727 1278; x_wconf 90' lang='lat' dir='ltr'>pro</span> <span class='ocrx_word' id='word_1_503' title='bbox 1748 1244 1775 1270; x_wconf 91' lang='lat' dir='ltr'>te</span> 
     </span>
     <span class='ocr_line' id='line_1_76' title="bbox 988 1285 1776 1324; baseline 0.005 -11"><span class='ocrx_word' id='word_1_504' title='bbox 988 1285 1065 1313; x_wconf 87' lang='lat' dir='ltr'>facta</span> <span class='ocrx_word' id='word_1_505' title='bbox 1079 1289 1156 1321; x_wconf 85' lang='lat' dir='ltr'>sunt,</span> <span class='ocrx_word' id='word_1_506' title='bbox 1173 1289 1202 1315; x_wconf 87' lang='lat' dir='ltr'>et</span> <span class='ocrx_word' id='word_1_507' title='bbox 1214 1287 1266 1314; x_wconf 90' lang='lat' dir='ltr'>tibi</span> <span class='ocrx_word' id='word_1_508' title='bbox 1287 1287 1445 1323; x_wconf 87' lang='lat' dir='ltr'>injudicio</span> <span class='ocrx_word' id='word_1_509' title='bbox 1467 1288 1637 1324; x_wconf 86' lang='lat' dir='ltr'>objicienda</span> <span class='ocrx_word' id='word_1_510' title='bbox 1660 1291 1736 1317; x_wconf 87' lang='lat' dir='ltr'>sunt.</span> <span class='ocrx_word' id='word_1_511' title='bbox 1753 1292 1776 1318; x_wconf 87' lang='grc' dir='ltr'>Α</span> 
     </span>
     <span class='ocr_line' id='line_1_77' title="bbox 988 1333 1775 1371; baseline 0.005 -11"><span class='ocrx_word' id='word_1_512' title='bbox 988 1334 1016 1360; x_wconf 87' lang='lat' dir='ltr'>te</span> <span class='ocrx_word' id='word_1_513' title='bbox 1031 1333 1132 1369; x_wconf 77' lang='lat' dir='ltr'>gratiae</span> <span class='ocrx_word' id='word_1_514' title='bbox 1146 1342 1202 1370; x_wconf 88' lang='lat' dir='ltr'>pro</span> <span class='ocrx_word' id='word_1_515' title='bbox 1219 1334 1304 1362; x_wconf 89' lang='lat' dir='ltr'>tantis</span> <span class='ocrx_word' id='word_1_516' title='bbox 1318 1335 1406 1362; x_wconf 90' lang='lat' dir='ltr'>bonis</span> <span class='ocrx_word' id='word_1_517' title='bbox 1421 1335 1610 1371; x_wconf 76' lang='lat' dir='ltr'>requirendae</span> <span class='ocrx_word' id='word_1_518' title='bbox 1633 1339 1701 1364; x_wconf 85' lang='lat' dir='ltr'>sunt</span> <span class='ocrx_word' id='word_1_519' title='bbox 1715 1347 1723 1364; x_wconf 81' lang='grc'>.-</span> <span class='ocrx_word' id='word_1_520' title='bbox 1743 1337 1775 1365; x_wconf 90' lang='lat' dir='ltr'>in</span> 
     </span>
     <span class='ocr_line' id='line_1_78' title="bbox 990 1380 1776 1418; baseline 0.006 -11"><span class='ocrx_word' id='word_1_521' title='bbox 990 1380 1100 1416; x_wconf 86' lang='lat' dir='ltr'>quibus</span> <span class='ocrx_word' id='word_1_522' title='bbox 1115 1381 1138 1408; x_wconf 92' lang='lat' dir='ltr'>si</span> <span class='ocrx_word' id='word_1_523' title='bbox 1154 1381 1312 1416; x_wconf 87' lang='lat' dir='ltr'>defeceris,</span> <span class='ocrx_word' id='word_1_524' title='bbox 1333 1382 1461 1417; x_wconf 83' lang='lat' dir='ltr'>graviter</span> <span class='ocrx_word' id='word_1_525' title='bbox 1480 1383 1622 1418; x_wconf 88' lang='lat' dir='ltr'>punieris.</span> <span class='ocrx_word' id='word_1_526' title='bbox 1642 1383 1670 1411; x_wconf 92' lang='lat' dir='ltr'>Si</span> <span class='ocrx_word' id='word_1_527' title='bbox 1695 1384 1776 1412; x_wconf 90' lang='lat' dir='ltr'>enim</span> 
     </span>
     <span class='ocr_line' id='line_1_79' title="bbox 990 1428 1774 1467; baseline 0.005 -12"><span class='ocrx_word' id='word_1_528' title='bbox 990 1428 1091 1455; x_wconf 83' lang='lat' dir='ltr'>omnia</span> <span class='ocrx_word' id='word_1_529' title='bbox 1116 1428 1258 1456; x_wconf 86' lang='lat' dir='ltr'>animalia</span> <span class='ocrx_word' id='word_1_530' title='bbox 1282 1430 1420 1464; x_wconf 87' lang='lat' dir='ltr'>currunt,</span> <span class='ocrx_word' id='word_1_531' title='bbox 1445 1431 1477 1457; x_wconf 90' lang='lat' dir='ltr'>ut</span> <span class='ocrx_word' id='word_1_532' title='bbox 1498 1430 1620 1458; x_wconf 89' lang='lat' dir='ltr'>videant</span> <span class='ocrx_word' id='word_1_533' title='bbox 1648 1431 1774 1467; x_wconf 83' lang='lat' dir='ltr'>panthe-</span> 
     </span>
     <span class='ocr_line' id='line_1_80' title="bbox 988 1475 1775 1515; baseline 0.006 -13"><span class='ocrx_word' id='word_1_534' title='bbox 988 1483 1053 1503; x_wconf 85' lang='lat' dir='ltr'>ram</span> <span class='ocrx_word' id='word_1_535' title='bbox 1068 1476 1089 1510; x_wconf 78' lang='lat'>3,</span> <span class='ocrx_word' id='word_1_536' title='bbox 1105 1475 1176 1511; x_wconf 86' lang='lat' dir='ltr'>quia</span> <span class='ocrx_word' id='word_1_537' title='bbox 1190 1477 1251 1503; x_wconf 87' lang='lat' dir='ltr'>tota</span> <span class='ocrx_word' id='word_1_538' title='bbox 1267 1476 1349 1504; x_wconf 84' lang='lat' dir='ltr'>varia</span> <span class='ocrx_word' id='word_1_539' title='bbox 1364 1479 1417 1512; x_wconf 88' lang='lat' dir='ltr'>est,</span> <span class='ocrx_word' id='word_1_540' title='bbox 1434 1477 1509 1505; x_wconf 88' lang='lat' dir='ltr'>albis</span> <span class='ocrx_word' id='word_1_541' title='bbox 1530 1478 1656 1506; x_wconf 86' lang='lat' dir='ltr'>maculis</span> <span class='ocrx_word' id='word_1_542' title='bbox 1671 1487 1775 1515; x_wconf 86' lang='lat' dir='ltr'>super-</span> 
     </span>
     <span class='ocr_line' id='line_1_81' title="bbox 988 1522 1775 1558; baseline 0.006 -9"><span class='ocrx_word' id='word_1_543' title='bbox 988 1522 1078 1557; x_wconf 85' lang='lat' dir='ltr'>picta,</span> <span class='ocrx_word' id='word_1_544' title='bbox 1098 1523 1164 1558; x_wconf 84' lang='lat' dir='ltr'>quis</span> <span class='ocrx_word' id='word_1_545' title='bbox 1182 1531 1243 1550; x_wconf 89' lang='lat' dir='ltr'>non</span> <span class='ocrx_word' id='word_1_546' title='bbox 1264 1523 1371 1552; x_wconf 90' lang='lat' dir='ltr'>debeat</span> <span class='ocrx_word' id='word_1_547' title='bbox 1394 1524 1536 1553; x_wconf 85' lang='lat' dir='ltr'>admirari</span> <span class='ocrx_word' id='word_1_548' title='bbox 1562 1527 1674 1553; x_wconf 83' lang='lat' dir='ltr'>tantam</span> <span class='ocrx_word' id='word_1_549' title='bbox 1697 1526 1775 1555; x_wconf 88' lang='lat' dir='ltr'>circa</span> 
     </span>
     <span class='ocr_line' id='line_1_82' title="bbox 989 1569 1773 1609; baseline 0.006 -13"><span class='ocrx_word' id='word_1_550' title='bbox 989 1577 1044 1597; x_wconf 89' lang='lat' dir='ltr'>nos</span> <span class='ocrx_word' id='word_1_551' title='bbox 1059 1569 1193 1598; x_wconf 85' lang='lat' dir='ltr'>divinam</span> <span class='ocrx_word' id='word_1_552' title='bbox 1208 1571 1444 1606; x_wconf 88' lang='lat' dir='ltr'>providentiam,</span> <span class='ocrx_word' id='word_1_553' title='bbox 1462 1574 1521 1600; x_wconf 85' lang='lat' dir='ltr'>tam</span> <span class='ocrx_word' id='word_1_554' title='bbox 1544 1573 1692 1609; x_wconf 83' lang='lat' dir='ltr'>sapienter</span> <span class='ocrx_word' id='word_1_555' title='bbox 1712 1573 1773 1601; x_wconf 91' lang='lat' dir='ltr'>dis-</span> 
     </span>
     <span class='ocr_line' id='line_1_83' title="bbox 988 1618 1773 1656; baseline 0.005 -12"><span class='ocrx_word' id='word_1_556' title='bbox 988 1618 1150 1652; x_wconf 87' lang='lat' dir='ltr'>ponentem</span> <span class='ocrx_word' id='word_1_557' title='bbox 1174 1620 1234 1645; x_wconf 85' lang='lat' dir='ltr'>tam</span> <span class='ocrx_word' id='word_1_558' title='bbox 1258 1618 1374 1646; x_wconf 71' lang='lat' dir='ltr'>multa?</span> <span class='ocrx_word' id='word_1_559' title='bbox 1399 1620 1494 1653; x_wconf 83' lang='lat' dir='ltr'>Quare</span> <span class='ocrx_word' id='word_1_560' title='bbox 1517 1628 1579 1647; x_wconf 91' lang='lat' dir='ltr'>non</span> <span class='ocrx_word' id='word_1_561' title='bbox 1605 1620 1773 1656; x_wconf 87' lang='lat' dir='ltr'>attenditis,</span> 
     </span>
     <span class='ocr_line' id='line_1_84' title="bbox 989 1665 1774 1704; baseline 0.005 -12"><span class='ocrx_word' id='word_1_562' title='bbox 989 1665 1145 1701; x_wconf 80' lang='lat' dir='ltr'>quomodo</span> <span class='ocrx_word' id='word_1_563' title='bbox 1159 1665 1222 1693; x_wconf 90' lang='lat' dir='ltr'>dies</span> <span class='ocrx_word' id='word_1_564' title='bbox 1233 1666 1370 1694; x_wconf 87' lang='lat' dir='ltr'>succedat</span> <span class='ocrx_word' id='word_1_565' title='bbox 1384 1667 1475 1701; x_wconf 88' lang='lat' dir='ltr'>nocti,</span> <span class='ocrx_word' id='word_1_566' title='bbox 1491 1670 1519 1695; x_wconf 88' lang='lat' dir='ltr'>et</span> <span class='ocrx_word' id='word_1_567' title='bbox 1532 1676 1592 1695; x_wconf 78' lang='lat' dir='ltr'>nox</span> <span class='ocrx_word' id='word_1_568' title='bbox 1605 1668 1670 1704; x_wconf 89' lang='lat' dir='ltr'>pari</span> <span class='ocrx_word' id='word_1_569' title='bbox 1682 1668 1774 1696; x_wconf 89' lang='lat' dir='ltr'>modo</span> 
     </span>
     <span class='ocr_line' id='line_1_85' title="bbox 990 1712 1776 1751; baseline 0.005 -12"><span class='ocrx_word' id='word_1_570' title='bbox 990 1712 1070 1740; x_wconf 72' lang='lat' dir='ltr'>diei?</span> <span class='ocrx_word' id='word_1_571' title='bbox 1085 1712 1112 1740; x_wconf 93' lang='lat' dir='ltr'>Si</span> <span class='ocrx_word' id='word_1_572' title='bbox 1129 1713 1209 1740; x_wconf 89' lang='lat' dir='ltr'>enim</span> <span class='ocrx_word' id='word_1_573' title='bbox 1229 1713 1292 1741; x_wconf 88' lang='lat' dir='ltr'>dies</span> <span class='ocrx_word' id='word_1_574' title='bbox 1316 1722 1434 1751; x_wconf 88' lang='lat' dir='ltr'>semper</span> <span class='ocrx_word' id='word_1_575' title='bbox 1456 1717 1540 1750; x_wconf 87' lang='lat' dir='ltr'>esset,</span> <span class='ocrx_word' id='word_1_576' title='bbox 1563 1715 1612 1743; x_wconf 88' lang='lat' dir='ltr'>Sol</span> <span class='ocrx_word' id='word_1_577' title='bbox 1636 1715 1776 1744; x_wconf 89' lang='lat' dir='ltr'>universa</span> 
     </span>
     <span class='ocr_line' id='line_1_86' title="bbox 989 1760 1775 1799; baseline 0.005 -13"><span class='ocrx_word' id='word_1_578' title='bbox 989 1762 1140 1794; x_wconf 78' lang='lat' dir='ltr'>exureret3</span> <span class='ocrx_word' id='word_1_579' title='bbox 1156 1760 1180 1787; x_wconf 90' lang='lat' dir='ltr'>si</span> <span class='ocrx_word' id='word_1_580' title='bbox 1195 1769 1267 1789; x_wconf 90' lang='lat' dir='ltr'>vero</span> <span class='ocrx_word' id='word_1_581' title='bbox 1283 1769 1344 1789; x_wconf 85' lang='lat' dir='ltr'>nox</span> <span class='ocrx_word' id='word_1_582' title='bbox 1359 1770 1476 1798; x_wconf 89' lang='lat' dir='ltr'>semper</span> <span class='ocrx_word' id='word_1_583' title='bbox 1492 1764 1577 1797; x_wconf 77' lang='lat' dir='ltr'>esset,</span> <span class='ocrx_word' id='word_1_584' title='bbox 1599 1762 1692 1799; x_wconf 80' lang='lat' dir='ltr'>frigus</span> <span class='ocrx_word' id='word_1_585' title='bbox 1707 1763 1775 1791; x_wconf 92' lang='lat' dir='ltr'>uni-</span> 
     </span>
     <span class='ocr_line' id='line_1_87' title="bbox 989 1809 1775 1846; baseline 0.004 -11"><span class='ocrx_word' id='word_1_586' title='bbox 989 1815 1075 1835; x_wconf 88' lang='lat' dir='ltr'>versa</span> <span class='ocrx_word' id='word_1_587' title='bbox 1091 1810 1227 1836; x_wconf 85' lang='lat' dir='ltr'>vastaret.</span> <span class='ocrx_word' id='word_1_588' title='bbox 1246 1809 1394 1845; x_wconf 90' lang='lat' dir='ltr'>Disposuit</span> <span class='ocrx_word' id='word_1_589' title='bbox 1407 1818 1479 1845; x_wconf 82' lang='lat' dir='ltr'>ergo</span> <span class='ocrx_word' id='word_1_590' title='bbox 1495 1810 1598 1838; x_wconf 90' lang='lat' dir='ltr'>divina</span> <span class='ocrx_word' id='word_1_591' title='bbox 1612 1810 1775 1846; x_wconf 88' lang='lat' dir='ltr'>providen-</span> 
     </span>
     <span class='ocr_line' id='line_1_88' title="bbox 990 1855 1778 1891; baseline 0.004 -9"><span class='ocrx_word' id='word_1_592' title='bbox 990 1855 1038 1889; x_wconf 89' lang='lat' dir='ltr'>tia,</span> <span class='ocrx_word' id='word_1_593' title='bbox 1056 1858 1087 1883; x_wconf 87' lang='lat' dir='ltr'>ut</span> <span class='ocrx_word' id='word_1_594' title='bbox 1101 1856 1225 1884; x_wconf 78' lang='lat' dir='ltr'>mutatio</span> <span class='ocrx_word' id='word_1_595' title='bbox 1239 1857 1296 1884; x_wconf 90' lang='lat' dir='ltr'>sibi</span> <span class='ocrx_word' id='word_1_596' title='bbox 1312 1857 1493 1891; x_wconf 85' lang='lat' dir='ltr'>succederet,</span> <span class='ocrx_word' id='word_1_597' title='bbox 1513 1859 1545 1884; x_wconf 92' lang='lat' dir='ltr'>ut</span> <span class='ocrx_word' id='word_1_598' title='bbox 1557 1865 1587 1885; x_wconf 90' lang='lat' dir='ltr'>se</span> <span class='ocrx_word' id='word_1_599' title='bbox 1610 1857 1719 1885; x_wconf 89' lang='lat' dir='ltr'>mutuis</span> <span class='ocrx_word' id='word_1_600' title='bbox 1735 1857 1778 1885; x_wconf 88' lang='lat' dir='ltr'>al-</span> 
     </span>
     <span class='ocr_line' id='line_1_89' title="bbox 991 1902 1778 1940; baseline 0.004 -11"><span class='ocrx_word' id='word_1_601' title='bbox 991 1902 1206 1930; x_wconf 84' lang='lat' dir='ltr'>ternationibus</span> <span class='ocrx_word' id='word_1_602' title='bbox 1228 1905 1436 1940; x_wconf 83' lang='lat' dir='ltr'>temperarent.</span> <span class='ocrx_word' id='word_1_603' title='bbox 1462 1904 1615 1931; x_wconf 89' lang='lat' dir='ltr'>Consimili</span> <span class='ocrx_word' id='word_1_604' title='bbox 1640 1904 1733 1932; x_wconf 90' lang='lat' dir='ltr'>modo</span> <span class='ocrx_word' id='word_1_605' title='bbox 1750 1907 1778 1933; x_wconf 92' lang='lat' dir='ltr'>et</span> 
     </span>
     <span class='ocr_line' id='line_1_90' title="bbox 990 1950 1777 1986; baseline 0.003 -9"><span class='ocrx_word' id='word_1_606' title='bbox 990 1950 1121 1978; x_wconf 87' lang='lat' dir='ltr'>succedit</span> <span class='ocrx_word' id='word_1_607' title='bbox 1146 1950 1246 1986; x_wconf 90' lang='lat' dir='ltr'>hyemi</span> <span class='ocrx_word' id='word_1_608' title='bbox 1271 1959 1333 1985; x_wconf 88' lang='lat' dir='ltr'>ver,</span> <span class='ocrx_word' id='word_1_609' title='bbox 1358 1953 1441 1978; x_wconf 81' lang='lat' dir='ltr'>aestas</span> <span class='ocrx_word' id='word_1_610' title='bbox 1465 1951 1543 1986; x_wconf 86' lang='lat' dir='ltr'>veri,</span> <span class='ocrx_word' id='word_1_611' title='bbox 1567 1954 1595 1979; x_wconf 89' lang='lat' dir='ltr'>et</span> <span class='ocrx_word' id='word_1_612' title='bbox 1616 1953 1777 1980; x_wconf 86' lang='lat' dir='ltr'>autumnus</span> 
     </span>
     <span class='ocr_line' id='line_1_91' title="bbox 989 1996 1779 2035; baseline 0.004 -11"><span class='ocrx_word' id='word_1_613' title='bbox 989 1996 1090 2024; x_wconf 76' lang='lat' dir='ltr'>aestati.</span> <span class='ocrx_word' id='word_1_614' title='bbox 1109 1998 1179 2025; x_wconf 88' lang='lat' dir='ltr'>item</span> <span class='ocrx_word' id='word_1_615' title='bbox 1194 1998 1225 2025; x_wconf 91' lang='lat' dir='ltr'>in</span> <span class='ocrx_word' id='word_1_616' title='bbox 1241 1998 1349 2026; x_wconf 90' lang='lat' dir='ltr'>minori</span> <span class='ocrx_word' id='word_1_617' title='bbox 1365 1998 1480 2026; x_wconf 90' lang='lat' dir='ltr'>mundo</span> <span class='ocrx_word' id='word_1_618' title='bbox 1504 1998 1631 2035; x_wconf 87' lang='lat' dir='ltr'>pueritia</span> <span class='ocrx_word' id='word_1_619' title='bbox 1647 1999 1779 2027; x_wconf 83' lang='lat' dir='ltr'>succedit</span> 
     </span>
     <span class='ocr_line' id='line_1_92' title="bbox 988 2044 1776 2082; baseline 0.005 -12"><span class='ocrx_word' id='word_1_620' title='bbox 988 2044 1138 2079; x_wconf 83' lang='lat' dir='ltr'>infantiae,</span> <span class='ocrx_word' id='word_1_621' title='bbox 1159 2044 1360 2073; x_wconf 86' lang='lat' dir='ltr'>adolescentia</span> <span class='ocrx_word' id='word_1_622' title='bbox 1382 2046 1524 2082; x_wconf 64' lang='lat' dir='ltr'>pueritiae,</span> <span class='ocrx_word' id='word_1_623' title='bbox 1547 2048 1681 2074; x_wconf 85' lang='lat' dir='ltr'>senectus</span> <span class='ocrx_word' id='word_1_624' title='bbox 1705 2046 1776 2074; x_wconf 85' lang='lat' dir='ltr'>ado-</span> 
     </span>
     <span class='ocr_line' id='line_1_93' title="bbox 990 2091 1775 2121; baseline 0.004 -3"><span class='ocrx_word' id='word_1_625' title='bbox 990 2091 1135 2119; x_wconf 79' lang='lat' dir='ltr'>lescentiae</span> <span class='ocrx_word' id='word_1_626' title='bbox 1160 2101 1166 2120; x_wconf 79' lang='lat' dir='ltr'>z</span> <span class='ocrx_word' id='word_1_627' title='bbox 1194 2094 1221 2120; x_wconf 89' lang='lat' dir='ltr'>et</span> <span class='ocrx_word' id='word_1_628' title='bbox 1244 2093 1286 2120; x_wconf 94' lang='lat' dir='ltr'>sic</span> <span class='ocrx_word' id='word_1_629' title='bbox 1311 2094 1354 2120; x_wconf 86' lang='lat' dir='ltr'>est</span> <span class='ocrx_word' id='word_1_630' title='bbox 1374 2093 1405 2120; x_wconf 91' lang='lat' dir='ltr'>in</span> <span class='ocrx_word' id='word_1_631' title='bbox 1430 2093 1494 2121; x_wconf 90' lang='lat' dir='ltr'>aliis</span> <span class='ocrx_word' id='word_1_632' title='bbox 1517 2093 1607 2121; x_wconf 82' lang='lat' dir='ltr'>rebus</span> <span class='ocrx_word' id='word_1_633' title='bbox 1630 2093 1775 2121; x_wconf 89' lang='lat' dir='ltr'>invenire.</span> 
     </span>
     <span class='ocr_line' id='line_1_94' title="bbox 990 2139 1777 2175; baseline 0.003 -9"><span class='ocrx_word' id='word_1_634' title='bbox 990 2140 1066 2174; x_wconf 83' lang='lat' dir='ltr'>Ergo</span> <span class='ocrx_word' id='word_1_635' title='bbox 1081 2147 1150 2166; x_wconf 90' lang='lat' dir='ltr'>cum</span> <span class='ocrx_word' id='word_1_636' title='bbox 1166 2139 1272 2167; x_wconf 86' lang='lat' dir='ltr'>sanctis</span> <span class='ocrx_word' id='word_1_637' title='bbox 1288 2140 1407 2175; x_wconf 85' lang='lat' dir='ltr'>Angelis</span> <span class='ocrx_word' id='word_1_638' title='bbox 1422 2140 1615 2175; x_wconf 88' lang='lat' dir='ltr'>admiremur,</span> <span class='ocrx_word' id='word_1_639' title='bbox 1633 2142 1660 2168; x_wconf 90' lang='lat' dir='ltr'>et</span> <span class='ocrx_word' id='word_1_640' title='bbox 1675 2140 1777 2169; x_wconf 82' lang='lat' dir='ltr'>laude-</span> 
     </span>
     <span class='ocr_line' id='line_1_95' title="bbox 989 2187 1777 2223; baseline 0.004 -10"><span class='ocrx_word' id='word_1_641' title='bbox 989 2192 1056 2213; x_wconf 86' lang='lat' dir='ltr'>mus</span> <span class='ocrx_word' id='word_1_642' title='bbox 1074 2188 1186 2214; x_wconf 82' lang='lat' dir='ltr'>tantam</span> <span class='ocrx_word' id='word_1_643' title='bbox 1203 2187 1337 2214; x_wconf 88' lang='lat' dir='ltr'>divinam</span> <span class='ocrx_word' id='word_1_644' title='bbox 1359 2187 1594 2223; x_wconf 90' lang='lat' dir='ltr'>providentiam,</span> <span class='ocrx_word' id='word_1_645' title='bbox 1616 2190 1643 2215; x_wconf 91' lang='lat' dir='ltr'>et</span> <span class='ocrx_word' id='word_1_646' title='bbox 1664 2190 1777 2216; x_wconf 85' lang='lat' dir='ltr'>tantam</span> 
     </span>
     <span class='ocr_line' id='line_1_96' title="bbox 988 2233 1775 2271; baseline 0.003 -10"><span class='ocrx_word' id='word_1_647' title='bbox 988 2233 1019 2261; x_wconf 89' lang='lat' dir='ltr'>in</span> <span class='ocrx_word' id='word_1_648' title='bbox 1035 2234 1125 2261; x_wconf 88' lang='lat' dir='ltr'>rebus</span> <span class='ocrx_word' id='word_1_649' title='bbox 1148 2234 1335 2270; x_wconf 83' lang='lat' dir='ltr'>sapientiam,</span> <span class='ocrx_word' id='word_1_650' title='bbox 1360 2234 1457 2262; x_wconf 87' lang='lat' dir='ltr'>donec</span> <span class='ocrx_word' id='word_1_651' title='bbox 1478 2235 1634 2263; x_wconf 87' lang='lat' dir='ltr'>veniamus</span> <span class='ocrx_word' id='word_1_652' title='bbox 1656 2236 1696 2263; x_wconf 89' lang='lat' dir='ltr'>ad</span> <span class='ocrx_word' id='word_1_653' title='bbox 1720 2244 1775 2271; x_wconf 86' lang='lat' dir='ltr'>pa-</span> 
     </span>
     <span class='ocr_line' id='line_1_97' title="bbox 990 2281 1774 2318; baseline 0.003 -10"><span class='ocrx_word' id='word_1_654' title='bbox 990 2281 1088 2315; x_wconf 82' lang='lat' dir='ltr'>triam,</span> <span class='ocrx_word' id='word_1_655' title='bbox 1104 2281 1155 2308; x_wconf 90' lang='lat' dir='ltr'>ubi</span> <span class='ocrx_word' id='word_1_656' title='bbox 1172 2284 1214 2309; x_wconf 89' lang='lat' dir='ltr'>est</span> <span class='ocrx_word' id='word_1_657' title='bbox 1234 2289 1288 2317; x_wconf 88' lang='lat' dir='ltr'>pro</span> <span class='ocrx_word' id='word_1_658' title='bbox 1313 2282 1454 2310; x_wconf 88' lang='lat' dir='ltr'>omnibus</span> <span class='ocrx_word' id='word_1_659' title='bbox 1469 2282 1627 2310; x_wconf 87' lang='lat' dir='ltr'>admiratio</span> <span class='ocrx_word' id='word_1_660' title='bbox 1654 2291 1774 2318; x_wconf 84' lang='lat' dir='ltr'>magna,</span> 
     </span>
     <span class='ocr_line' id='line_1_98' title="bbox 989 2328 1773 2364; baseline 0.001 -9"><span class='ocrx_word' id='word_1_661' title='bbox 989 2330 1017 2355; x_wconf 88' lang='lat' dir='ltr'>et</span> <span class='ocrx_word' id='word_1_662' title='bbox 1040 2328 1105 2355; x_wconf 88' lang='lat' dir='ltr'>laus</span> <span class='ocrx_word' id='word_1_663' title='bbox 1129 2331 1283 2364; x_wconf 87' lang='lat' dir='ltr'>perpetua.</span> <span class='ocrx_word' id='word_1_664' title='bbox 1309 2329 1390 2357; x_wconf 90' lang='lat' dir='ltr'>Unde</span> <span class='ocrx_word' id='word_1_665' title='bbox 1408 2328 1417 2344; x_wconf 41' lang='grc' dir='ltr'><em>Β</em></span> <span class='ocrx_word' id='word_1_666' title='bbox 1439 2338 1446 2356; x_wconf 89' lang='lat'>:</span> <span class='ocrx_word' id='word_1_667' title='bbox 1465 2339 1478 2355; x_wconf 89' lang='lat'>«</span> <span class='ocrx_word' id='word_1_668' title='bbox 1503 2331 1582 2357; x_wconf 88' lang='lat' dir='ltr'>Tunc</span> <span class='ocrx_word' id='word_1_669' title='bbox 1606 2329 1733 2364; x_wconf 80' lang='lat' dir='ltr'>videbis,</span> <span class='ocrx_word' id='word_1_670' title='bbox 1759 2340 1773 2356; x_wconf 85' lang='lat'>»</span> 
     </span>
     <span class='ocr_line' id='line_1_99' title="bbox 992 2375 1775 2412; baseline 0.003 -10"><span class='ocrx_word' id='word_1_671' title='bbox 992 2377 1104 2411; x_wconf 87' lang='lat' dir='ltr'>quanta</span> <span class='ocrx_word' id='word_1_672' title='bbox 1119 2375 1155 2403; x_wconf 87' lang='lat' dir='ltr'>sit</span> <span class='ocrx_word' id='word_1_673' title='bbox 1171 2376 1200 2402; x_wconf 93' lang='lat' dir='ltr'>in</span> <span class='ocrx_word' id='word_1_674' title='bbox 1213 2375 1302 2403; x_wconf 87' lang='lat' dir='ltr'>rebus</span> <span class='ocrx_word' id='word_1_675' title='bbox 1319 2376 1420 2404; x_wconf 90' lang='lat' dir='ltr'>divina</span> <span class='ocrx_word' id='word_1_676' title='bbox 1434 2376 1633 2412; x_wconf 85' lang='lat' dir='ltr'>providentia,</span> <span class='ocrx_word' id='word_1_677' title='bbox 1652 2386 1665 2402; x_wconf 90' lang='lat'>«</span> <span class='ocrx_word' id='word_1_678' title='bbox 1685 2378 1712 2404; x_wconf 89' lang='lat' dir='ltr'>et</span> <span class='ocrx_word' id='word_1_679' title='bbox 1733 2376 1775 2404; x_wconf 79' lang='lat' dir='ltr'>af-</span> 
     </span>
     <span class='ocr_line' id='line_1_100' title="bbox 989 2422 1775 2458; baseline 0.003 -9"><span class='ocrx_word' id='word_1_680' title='bbox 989 2423 1080 2456; x_wconf 80' lang='lat' dir='ltr'>flues,</span> <span class='ocrx_word' id='word_1_681' title='bbox 1097 2432 1109 2448; x_wconf 90' lang='lat'>»</span> <span class='ocrx_word' id='word_1_682' title='bbox 1128 2422 1299 2450; x_wconf 83' lang='lat' dir='ltr'>admirabili</span> <span class='ocrx_word' id='word_1_683' title='bbox 1319 2423 1452 2458; x_wconf 85' lang='lat' dir='ltr'>seientia,</span> <span class='ocrx_word' id='word_1_684' title='bbox 1470 2434 1483 2449; x_wconf 83' lang='lat'>«</span> <span class='ocrx_word' id='word_1_685' title='bbox 1503 2426 1530 2451; x_wconf 89' lang='lat' dir='ltr'>et</span> <span class='ocrx_word' id='word_1_686' title='bbox 1549 2424 1705 2451; x_wconf 86' lang='lat' dir='ltr'>mirabitur</span> <span class='ocrx_word' id='word_1_687' title='bbox 1724 2432 1775 2451; x_wconf 90' lang='lat' dir='ltr'>cor</span> 
     </span>
     <span class='ocr_line' id='line_1_101' title="bbox 989 2470 1774 2506; baseline 0.001 -9"><span class='ocrx_word' id='word_1_688' title='bbox 989 2471 1073 2498; x_wconf 88' lang='lat' dir='ltr'>tuum</span> <span class='ocrx_word' id='word_1_689' title='bbox 1089 2480 1102 2495; x_wconf 94' lang='lat'>»</span> <span class='ocrx_word' id='word_1_690' title='bbox 1119 2470 1196 2498; x_wconf 89' lang='lat' dir='ltr'>circa</span> <span class='ocrx_word' id='word_1_691' title='bbox 1215 2470 1333 2506; x_wconf 83' lang='lat' dir='ltr'>singula</span> <span class='ocrx_word' id='word_1_692' title='bbox 1354 2470 1403 2498; x_wconf 89' lang='lat' dir='ltr'>Dei</span> <span class='ocrx_word' id='word_1_693' title='bbox 1426 2479 1526 2506; x_wconf 87' lang='lat' dir='ltr'>opera.</span> <span class='ocrx_word' id='word_1_694' title='bbox 1544 2472 1576 2498; x_wconf 90' lang='lat' dir='ltr'>Et</span> <span class='ocrx_word' id='word_1_695' title='bbox 1593 2471 1774 2506; x_wconf 86' lang='lat' dir='ltr'>adimplebi-</span> 
     </span>
     <span class='ocr_line' id='line_1_102' title="bbox 990 2517 1774 2546; baseline 0.001 -2"><span class='ocrx_word' id='word_1_696' title='bbox 990 2519 1036 2544; x_wconf 87' lang='lat' dir='ltr'>tur</span> <span class='ocrx_word' id='word_1_697' title='bbox 1052 2517 1128 2544; x_wconf 88' lang='lat' dir='ltr'>illud</span> <span class='ocrx_word' id='word_1_698' title='bbox 1149 2517 1256 2545; x_wconf 85' lang='lat' dir='ltr'>Psalmi</span> <span class='ocrx_word' id='word_1_699' title='bbox 1271 2519 1281 2534; x_wconf 74' lang='lat'>⁵</span> <span class='ocrx_word' id='word_1_700' title='bbox 1299 2526 1305 2544; x_wconf 91' lang='lat'>:</span> <span class='ocrx_word' id='word_1_701' title='bbox 1326 2528 1338 2542; x_wconf 77' lang='grc' dir='ltr'>α</span> <span class='ocrx_word' id='word_1_702' title='bbox 1360 2517 1488 2545; x_wconf 85' lang='lat' dir='ltr'>Laudate</span> <span class='ocrx_word' id='word_1_703' title='bbox 1512 2525 1580 2545; x_wconf 88' lang='lat' dir='ltr'>eum</span> <span class='ocrx_word' id='word_1_704' title='bbox 1607 2518 1774 2546; x_wconf 90' lang='lat' dir='ltr'>secundum</span> 
     </span>
     <span class='ocr_line' id='line_1_103' title="bbox 989 2564 1773 2600; baseline 0.001 -8"><span class='ocrx_word' id='word_1_705' title='bbox 989 2564 1210 2592; x_wconf 89' lang='lat' dir='ltr'>multitudinem</span> <span class='ocrx_word' id='word_1_706' title='bbox 1233 2565 1447 2600; x_wconf 84' lang='lat' dir='ltr'>magnitudinis</span> <span class='ocrx_word' id='word_1_707' title='bbox 1471 2565 1545 2600; x_wconf 82' lang='lat' dir='ltr'>ejus,</span> <span class='ocrx_word' id='word_1_708' title='bbox 1566 2575 1579 2591; x_wconf 76' lang='lat'>»</span> <span class='ocrx_word' id='word_1_709' title='bbox 1598 2564 1629 2592; x_wconf 94' lang='lat' dir='ltr'>id</span> <span class='ocrx_word' id='word_1_710' title='bbox 1650 2567 1706 2600; x_wconf 90' lang='lat' dir='ltr'>est,</span> <span class='ocrx_word' id='word_1_711' title='bbox 1728 2574 1773 2593; x_wconf 87' lang='lat' dir='ltr'>se-</span> 
     </span>
     <span class='ocr_line' id='line_1_104' title="bbox 989 2607 1772 2648; baseline 0.003 -9"><span class='ocrx_word' id='word_1_712' title='bbox 989 2611 1123 2640; x_wconf 91' lang='lat' dir='ltr'>cundum</span> <span class='ocrx_word' id='word_1_713' title='bbox 1137 2611 1222 2648; x_wconf 86' lang='lat' dir='ltr'>quod</span> <span class='ocrx_word' id='word_1_714' title='bbox 1237 2612 1408 2648; x_wconf 82' lang='lat' dir='ltr'>apparuerit</span> <span class='ocrx_word' id='word_1_715' title='bbox 1427 2619 1555 2647; x_wconf 84' lang='lat' dir='ltr'>magnus</span> <span class='ocrx_word' id='word_1_716' title='bbox 1576 2612 1606 2640; x_wconf 90' lang='lat' dir='ltr'>in</span> <span class='ocrx_word' id='word_1_717' title='bbox 1630 2607 1772 2648; x_wconf 85' lang='lat' dir='ltr'>operibus</span> 
     </span>
    </p>
   </div>
   <div class='ocr_carea' id='block_1_6' title="bbox 1024 2713 1480 2745">
    <p class='ocr_par' dir='ltr' id='par_1_7' title="bbox 1024 2713 1480 2745">
     <span class='ocr_line' id='line_1_105' title="bbox 1024 2713 1480 2745; baseline 0.002 -8"><span class='ocrx_word' id='word_1_718' title='bbox 1024 2714 1055 2745; x_wconf 78' lang='lat' dir='ltr'>(a)</span> <span class='ocrx_word' id='word_1_719' title='bbox 1070 2714 1145 2738; x_wconf 78' lang='lat' dir='ltr'>Forte</span> <span class='ocrx_word' id='word_1_720' title='bbox 1158 2714 1206 2745; x_wconf 67' lang='lat' dir='ltr'>leq.</span> <span class='ocrx_word' id='word_1_721' title='bbox 1220 2714 1352 2745; x_wconf 85' lang='lat' dir='ltr'>plorent...</span> <span class='ocrx_word' id='word_1_722' title='bbox 1366 2713 1480 2738; x_wconf 74' lang='lat' dir='ltr'>laudent,</span> 
     </span>
    </p>
   </div>
  </div>
 </body>
</html>
