2029 3052
142 867 209 890 Verbi

117 913 126 926 ,
143 899 211 926 illius,

137 930 215 951 Domi-

138 968 180 984 nus
187 964 219 983 te-

125 1001 184 1020 cum,
193 993 232 1015 de-

125 1027 223 1048 eiuratio.

235 225 295 256 256
619 217 640 248 S
649 216 667 248 ἰ)

508 335 644 369 LECTIO
667 335 747 366 vlu.

236 416 316 451 Quod
331 417 470 450 Dominus,
481 413 514 442 de
524 420 576 449 quo
587 412 692 440 dicitur
702 412 736 440 Β.
748 412 846 440 Murice
876 410 1019 440 Dominus

273 461 381 494 tecum,
399 456 561 493 generaliter
575 456 615 483 est
638 455 770 482 Dominus
788 453 951 482 universalis
964 461 1021 481 om-

272 503 350 529 m'um
363 507 464 534 rerum,
477 497 693 534 potentissimus,
708 497 941 532 sapientissimus,
955 503 1020 531 opu-

274 544 449 577 lentissimus,
460 549 490 569 ac
500 540 779 576 indeficientissimus,
794 541 889 567 etcum
901 546 930 566 eo
942 538 1021 566 beata

274 588 370 616 Maria
385 586 468 614 etiam
484 584 558 612 talis.

275 667 345 701 Ave,
353 665 456 699 Maria,
467 663 662 699 qratiaplena,
679 663 806 690 Dominus
819 663 914 689 tecum.
925 660 1024 688 Osten-

240 722 308 742 sum
322 714 366 741 est
373 719 474 748 supra,
490 709 646 747 quomodo
661 708 750 737 Maria
768 709 891 744 propter
903 705 1025 744 purissi-

242 768 324 789 mam
338 759 406 787 vitre
421 757 623 786 innocentiam
644 755 751 784 merito
769 762 824 791 per
845 754 904 782 Ave
916 753 1025 781 saluta.-

242 809 312 836 tur:
335 808 487 835 ostensum
510 805 554 832 est
574 809 698 840 quoque
723 800 880 838 quomodo
903 802 1025 837 propter

243 852 455 891 copiosissimae
477 850 578 887 gratiae
602 848 785 878 affluentiam
806 847 910 876 merito
932 848 1026 882 qratia

243 902 325 937 plena
335 898 598 928 commemoratur.
610 894 831 924 ostendendum
841 895 939 922 autem
947 901 1026 922 nuuc

247 949 299 983 est,
314 945 471 983 quomodo
485 945 608 981 propter
628 941 871 979 specialissimam
886 941 936 969 Dei
951 948 1027 977 prae-

248 994 374 1023 sentiam
384 991 490 1020 merito
505 990 647 1019 Dominus
658 997 759 1017 secum
774 988 837 1017 iore
850 987 1026 1016 insinuatur.

251 1042 380 1070 Dominus
405 1045 475 1075 ergo
499 1039 606 1066 tecum.
632 1037 654 1065 Ο
680 1043 788 1072 magne
802 1034 938 1069 Gabriel,
965 1041 1028 1062 ma.-

251 1095 344 1125 gnum
358 1093 475 1122 magnae
484 1084 579 1114 Mariae
589 1084 627 1112 de
638 1090 747 1119 magno
759 1082 883 1110 Domino
898 1081 1027 1109 nuntias.

251 1136 390 1171 Magnum
402 1135 445 1162 est
460 1131 544 1169 quod
563 1130 589 1160 ei
605 1130 688 1165 dicis,
711 1131 839 1157 Dominus
857 1131 953 1156 tecum.
973 1127 1031 1156 Sed

252 1181 300 1210 dic
314 1180 414 1215 nobis,
434 1180 590 1216 quantum,
611 1177 658 1205 vel
683 1175 838 1213 quomodo
854 1182 956 1203 secum
970 1175 984 1202 ⁵?
999 1175 1031 1202 Et

252 1235 319 1256 ecce
332 1227 437 1256 heatus
451 1224 628 1261 Augustinus
644 1223 673 1251 in
687 1230 816 1260 persona
830 1221 973 1250 Gabrielis
993 1221 1032 1249 ad

252 1275 310 1303 hoc
329 1272 525 1310 respondem,
550 1271 610 1299 ait¹
629 1280 635 1298 :
665 1280 677 1296 «ι
709 1271 836 1297 Dominus
859 1272 958 1303 tecum,
980 1268 1032 1296 sed

253 1322 414 1358 plusquam
429 1327 556 1347 mecum.
583 1319 711 1345 Dominus
727 1319 822 1350 lecum,
844 1316 897 1343 sed
917 1323 978 1343 non
994 1315 1031 1342 si-

255 1370 304 1397 cut
319 1375 446 1396 mecum.
465 1368 494 1394 ln
511 1373 558 1393 uie
572 1365 639 1392 licet
653 1364 689 1391 sit
708 1363 858 1397 Dominus,
879 1361 1032 1397 memetip-

254 1423 320 1443 sum
337 1413 447 1442 creavit
462 1413 619 1446 Dominus3
644 1418 698 1447 per
713 1413 739 1437 te
755 1412 853 1437 auten]
869 1409 1034 1436 nasciturus

255 1464 298 1490 est
308 1461 457 1490 Dominus.
471 1470 484 1485 n
499 1458 640 1486 Dominus
655 1465 739 1493 ergo,
748 1464 766 1484 o
777 1456 866 1484 Maria
875 1465 883 1490 ;
893 1455 945 1483 sed
957 1455 1035 1491 quis,

255 1508 303 1536 vel
318 1507 464 1544 quantus?
476 1505 616 1533 Dominus
628 1507 710 1532 terrae
725 1506 753 1531 et
763 1502 898 1531 omnium
914 1509 1036 1537 genera-

255 1555 331 1590 liter,
353 1553 494 1582 Dominus
516 1552 673 1580 hominum
695 1550 869 1586 specialiter,
897 1548 1037 1576 Dominus

256 1605 322 1630 tuus
344 1601 541 1636 singulariter,
566 1608 583 1627 o
599 1598 697 1627 Maria.
724 1597 876 1630 Dominus,
893 1596 1016 1632 inquam
1028 1617 1036 1631 ,

257 1652 397 1677 creaturw
416 1647 592 1683 generaliter
608 1644 794 1677 universalis,
814 1643 955 1671 Dominus
973 1650 1037 1678 spe-

258 1697 369 1724 cialiter
384 1697 495 1723 natura*
513 1693 674 1725 rationalis,
693 1691 831 1718 Dominus
850 1690 1039 1725 singulariter

258 1743 333 1771 aulae
356 1745 410 1770 tua:
432 1740 596 1775 virginalis,
623 1748 640 1767 o
657 1739 755 1766 Maria.
781 1737 1038 1765 Considerandum

259 1793 302 1817 est
320 1797 403 1824 ergo,
430 1786 609 1820 charissimi,
632 1785 715 1822 quod
741 1784 881 1812 Dominus
907 1784 975 1817 istc,
1003 1783 1039 1810 de

259 1844 319 1873 quo
334 1835 439 1863 dieitur
455 1844 460 1861 :
480 1836 607 1861 Dominus
625 1836 720 1866 locuni,
741 1832 802 1867 ipse
819 1839 849 1858 es
866 1830 1042 1865 generaliter

260 1883 401 1911 Dominus
424 1884 562 1909 creaturan
582 1878 766 1907 universalis.
789 1878 868 1905 Unde
890 1877 990 1905 Judith
1005 1877 1015 1892 ²
1032 1886 1038 1903 :

262 1933 390 1958 Dominus
411 1931 546 1962 calorum,
564 1928 674 1955 Creator
700 1934 845 1961 aequarum,
866 1928 890 1952 ct
913 1926 1042 1952 Dominus

261 1980 344 2005 totius
364 1980 504 2004 creatur-cn.
528 1977 557 2003 tit
574 1975 739 2010 Sapiens³:
761 1974 885 2000 “nuruum
913 1973 1042 1999 Dominus

261 2026 360 2052 dilexit
381 2025 465 2051 illum.
483 2023 622 2050 omnium
643 2023 719 2048 certe
743 2019 959 2049 universaliter,
976 2026 1040 2045 oin—

262 2071 356 2105 nium,
379 2071 513 2105 inquam,
539 2068 700 2096 visibilium
719 2070 746 2094 ct
771 2066 972 2094 invisibilium.
990 2066 1043 2092 lste

263 2117 436 2145 universalis
451 2117 584 2144 omnium
598 2115 737 2143 Dominus
748 2114 788 2140 sic
800 2121 866 2140 cum
882 2112 969 2140 §laria
980 2111 1044 2144 ruit,

264 2164 348 2200 quod
364 2164 450 2191 ctiam
465 2164 559 2199 ipsam
575 2161 773 2189 universalem
794 2159 929 2188 omnium
949 2158 1045 2185 domi-

265 2219 333 2238 nam
348 2211 413 2238 lecit
429 2220 434 2237 ι
453 2210 617 2243 dominam,
640 2209 774 2244 inquam,
796 2206 873 2239 coeli,
897 2207 925 2233 et
947 2204 1044 2232 domi-
1070 2217 1073 2220 >

266 2267 334 2286 nam
351 2257 465 2285 mundi.
483 2259 603 2292 Propter
616 2255 698 2291 quod
718 2254 875 2282 Anselmus
888 2253 945 2280 ait:
967 2263 978 2275 ι(
996 2252 1047 2278 lle-

265 2305 335 2340 giua
359 2304 434 2333 cosli.
462 2306 488 2330 <t
511 2303 633 2331 domina
657 2301 771 2335 mundi,
797 2301 890 2327 mater
911 2299 973 2334 ejus
995 2298 1045 2333 qui

267 2351 392 2380 mundat
408 2350 564 2383 mundum,
587 2349 635 2376 tibi
660 2349 814 2380 confiteor,
841 2346 921 2382 quod
939 2353 1047 2380 corpus

267 2407 367 2427 meum
389 2397 476 2425 nimis
498 2398 539 2423 cst
560 2396 760 2422 immundum.
789 2404 800 2418 o
827 2394 884 2421 Sed
907 2400 975 2420 ecce
996 2392 1047 2418 iste

268 2445 442 2474 universalis
457 2445 591 2472 omnium
608 2443 757 2476 Dominus,
775 2442 837 2477 ipsc
850 2444 889 2469 est
909 2440 1049 2468 Dominus

267 2493 497 2529 potentissimus,
522 2491 659 2519 Dominus
681 2489 926 2525 sapientissimus,
951 2487 1048 2515 Domi-

267 2549 322 2568 nus
331 2539 580 2576 opulentissimus,
595 2537 733 2565 Dominus
746 2535 1046 2563 indetirientissimus.

269 2588 408 2615 Dominus
424 2587 501 2614 enim
514 2586 574 2613 sine
594 2584 734 2620 potentia,
761 2583 903 2610 dominus
926 2583 988 2609 sine
1003 2589 1049 2608 sa-

300 2651 306 2666 ¹
327 2651 359 2674 Di·
380 2651 468 2681 Τιηιιμ,
484 2656 559 2673 siri-in.
582 2653 656 2675 xvili,
667 2647 699 2670 al.
721 2652 795 2676 ixxizv,
809 2653 834 2669 n.
852 2648 874 2675 2,
890 2648 961 2675 opor.
974 2646 1049 2673 Aug.,

270 2687 386 2719 Appeud.
399 2691 461 2711 tom.
482 2686 511 2710 v.
529 2699 555 2703 -
576 2686 586 2701 ²
602 2683 697 2713 halim,
716 2689 741 2707 ix
758 2701 763 2712 ,
782 2683 818 2706 17.
837 2695 861 2699 -—
903 2682 972 2712 Sap„
989 2685 1051 2706 vul.

717 215 883 249 ECULUM
905 211 1049 248 BEATAE.
1069 210 1210 244 MARJAE
1230 211 1416 246 VIRGtNis.

1071 279 1195 317 pientia,
1209 279 1350 309 dominus
1371 279 1435 308 sine
1449 277 1614 316 opulentia,
1632 277 1774 309 domnas
1786 279 1851 310 sine

1071 327 1280 364 permanentia
1303 326 1403 356 minus
1428 325 1576 363 perfectus
1599 324 1742 355 dominus
1762 328 1851 357 lazet.

1073 373 1155 402 Unde
1181 373 1323 402 dominus
1344 373 1504 410 impotens,
1527 371 1669 401 dominus
1693 371 1853 412 insipiens,

1074 418 1215 448 dominus
1226 418 1376 455 indigens,
1392 418 1533 447 dominus
1545 416 1698 452 deficiens,
1716 417 1779 446 sive
1792 411 1856 447 non

1073 473 1265 503 permanens,
1285 465 1385 494 minus
1402 466 1598 503 reputaretur.
1619 464 1762 493 Dominus
1782 471 1855 501 ergo

1075 512 1264 548 universalis,
1276 511 1340 550 ipse
1356 512 1498 541 Dominus
1510 513 1554 540 est
1566 511 1788 548 potentissimus
1800 518 1857 540 vo-

1075 559 1198 594 luntate,
1214 559 1357 588 Dominus
1369 558 1604 595 sapientissimus
1612 558 1747 593 veritate,
1760 557 1859 587 Domi-

1075 613 1134 634 nus
1148 605 1391 642 opulentissimus
1403 605 1596 642 proprietate,
1610 605 1752 634 Dominus
1773 604 1858 634 inde·

1077 652 1296 682 ficientissimus
1309 652 1478 681 aeternitate.

1115 700 1212 728 Primo
1235 699 1394 734 attendite,
1416 698 1595 734 charissimi,
1615 698 1699 736 quod
1718 698 1860 727 Dominus

1078 746 1254 776 universalis
1277 747 1328 784 qui
1351 754 1421 776 eum
1440 746 1531 775 Maria
1551 747 1604 781 est,
1629 753 1699 774 oum
1719 745 1861 774 Dominus

1078 793 1300 830 potentissimus
1317 793 1470 822 voluntate
1491 793 1538 829 sit,
1561 793 1638 822 bene
1660 793 1698 822 de
1716 793 1770 822 illo
1792 794 1861 821 Pro-

1079 841 1170 878 pheta
1185 841 1225 870 ait
1234 840 1244 856 ⁸
1256 850 1263 869 :
1275 841 1374 869 Omnia
1387 848 1560 876 quoecumque
1569 841 1666 875 voluit,
1679 841 1808 868 Dominus
1822 840 1862 874 fe-

1081 889 1130 923 cit,
1145 890 1213 924 ete„
1228 895 1324 924 usque
1337 889 1367 915 in
1387 888 1507 916 omnibus
1524 887 1562 924 (α)
1576 887 1689 922 abyssis.
1717 888 1793 922 Ergo
1807 893 1862 914 nec

1081 935 1220 970 iacoelis,
1239 942 1294 963 nec
1311 935 1342 963 in
1364 934 1458 970 terris,
1479 934 1580 963 necin
1594 933 1734 963 omuibus
1755 932 1862 961 inferni
1891 931 1898 939 ‘

1082 982 1208 1018 abyssis,
1223 981 1368 1010 voluntati
1389 983 1449 1010 tam
1466 980 1662 1018 potentissimi
1685 979 1802 1008 Domini
1816 986 1862 1007 re-

1083 1030 1183 1059 sistere
1197 1030 1358 1067 quisquam
1379 1031 1486 1066 potest,
1501 1030 1573 1058 teste
1592 1027 1792 1062 mardocheo,
1811 1020 1877 1063 qui'

1084 1077 1122 1106 de
1138 1077 1193 1106 isto
1205 1077 1330 1106 Domino
1343 1076 1421 1105 ait‘:
1440 1077 1551 1104 Domine
1565 1076 1623 1104 Rex
1635 1075 1821 1111 Omnipotens,
1834 1075 1865 1101 in

1085 1123 1189 1152 ditione
1199 1126 1249 1152 tua
1262 1126 1356 1151 cuncta
1373 1126 1435 1152 sunt
1449 1124 1553 1159 posita,
1573 1125 1599 1151 et
1614 1130 1668 1150 non
1682 1124 1731 1156 ese,
1752 1122 1800 1157 qui
1813 1123 1866 1148 ινα

1085 1173 1209 1199 resistere
1231 1173 1319 1207 possit
1339 1172 1485 1199 voluntati.
1503 1171 1575 1198 Ecce
1587 1190 1594 1204 ,
1611 1169 1699 1198 Maria
1710 1189 1719 1203 ,
1738 1169 1868 1205 quantus

1088 1218 1228 1246 Dominus
1243 1219 1295 1253 est,
1312 1225 1404 1254 quam
1418 1216 1639 1253 potentissimus
1658 1215 1800 1244 Dominus
1814 1216 1866 1250 est,

1087 1266 1139 1301 qui
1154 1268 1250 1293 tecum
1266 1266 1317 1293 est.
1335 1266 1366 1292 Et
1382 1264 1453 1300 quia
1473 1263 1614 1292 Dominus
1627 1262 1866 1299 potentissimus,

1088 1311 1288 1348 potentissime
1305 1314 1402 1339 tecum
1417 1313 1459 1339 est
1477 1320 1483 1338 :
1500 1310 1568 1339 ideo
1584 1312 1612 1338 et
1626 1312 1655 1338 tu
1672 1316 1707 1337 'es
1726 1308 1867 1345 potentis-

1089 1358 1163 1386 sima
1176 1366 1288 1393 secum,
1305 1358 1507 1394 potentissima
1522 1365 1553 1386 es
1567 1364 1620 1393 per
1633 1356 1748 1393 ipsum,
1762 1357 1869 1392 poten-

1089 1405 1200 1434 tissima
1215 1405 1296 1441 apud
1318 1405 1427 1441 ipsum,
1451 1405 1492 1432 ita
1515 1407 1547 1432 ut
1568 1411 1637 1432 vere
1657 1403 1755 1431 dicere
1774 1401 1871 1439 possis

1090 1452 1165 1480 illud
1187 1453 1409 1480 Ecclesi'astici⁸:
1431 1453 1464 1479 1η
1479 1452 1648 1479 Hierusalem
1668 1452 1787 1486 potestas
1801 1457 1869 1477 mea.

1091 1499 1272 1527 Hierusalem
1294 1499 1390 1534 signat
1406 1497 1564 1526 Ecclesiam
1588 1497 1820 1533 triumphantem
1839 1495 1870 1523 in

1091 1546 1189 1581 cmlis;
1219 1546 1315 1581 signat
1341 1546 1429 1573 etiam
1454 1544 1612 1573 Ecclesiam
1644 1543 1817 1572 militantem
1841 1542 1872 1570 in

1093 1594 1186 1621 terris.
1208 1595 1280 1620 Nam
1302 1600 1370 1620 vere
1391 1594 1449 1620 tam
1470 1592 1499 1620 in
1519 1591 1611 1625 coeliS,
1636 1598 1729 1626 quam
1744 1590 1774 1618 in
1790 1589 1872 1618 terris

1093 1642 1266 1676 potestatem
1283 1639 1373 1667 habet
1394 1641 1480 1667 Mater
1498 1637 1701 1675 potentissima
1716 1637 1870 1666 creatoris.

1094 1686 1188 1718 Quam
1204 1684 1438 1721 potentissimam
1455 1684 1608 1719 cognoscit
1623 1682 1788 1716 Anselmus,
1800 1689 1872 1715 ¹cum

1095 1740 1184 1760 orans
1199 1732 1238 1759 ait
1255 1741 1262 1758 .·
1282 1742 1294 1757 α
1309 1731 1432 1765 Exaudi,
1448 1731 1512 1767 pia3
1529 1730 1644 1764 adesto,
1659 1729 1802 1766 propitia3
1817 1728 1872 1756 ad-

1092 1780 1175 1815 juva,
1190 1778 1404 1815 potentissima,
1419 1781 1449 1805 ut
1464 1777 1645 1805 mundentur
1654 1776 1758 1805 sordes
1767 1776 1874 1804 mentis

1096 1835 1179 1861 mem,
1202 1828 1229 1853 et
1248 1825 1451 1853 illuminentur
1466 1824 1594 1853 tenebrae
1608 1832 1692 1852 meoe.
1703 1833 1716 1850 n
1733 1823 1875 1852 Dominus

1096 1881 1168 1909 crgo
1184 1876 1291 1907 tecum,
1307 1881 1324 1900 o
1341 1872 1427 1899 Maria
1442 1871 1653 1907 potentissima.

1132 1919 1270 1948 Secundo
1289 1919 1439 1953 attendite,
1459 1918 1634 1952 charissimi,
1655 1917 1737 1954 quod
1757 1916 1877 1945 univer-

1098 1966 1167 1994 salis
1186 1966 1337 1999 Dominus,
1353 1966 1403 2001 qui
1420 1968 1461 1993 est
1477 1974 1546 1993 cum
1561 1965 1660 2000 Maria,
1682 1965 1744 2001 ipse
1764 1966 1807 1992 est
1821 1965 1877 1991 Do·

1100 2015 1197 2042 minus
1212 2014 1445 2050 sapientissimus
1457 2013 1587 2041 veritate.
1604 2015 1666 2048 lpse
1680 2011 1759 2040 enim
1772 2013 1815 2039 est
1824 2012 1878 2038 Do-

1099 2062 1215 2095 minus,
1244 2061 1281 2088 de
1302 2069 1362 2096 quo
1388 2061 1417 2088 in
1440 2060 1553 2088 Psalmo
1579 2060 1685 2087 dicitur
1702 2060 1711 2076 ⁷
1731 2068 1738 2086 :
1761 2059 1878 2092 Magnus

1103 2111 1229 2137 Dcmu'nus
1245 2112 1344 2142 noster,
1360 2112 1384 2135 et
1400 2116 1497 2142 nmque
1513 2110 1601 2135 virtus
1616 2108 1682 2141 ejus,
1697 2109 1723 2134 et
1737 2106 1880 2141 sapientire

1101 2158 1157 2191 ejus
1170 2165 1220 2183 nou
1237 2159 1273 2184 est
1287 2163 1421 2183 numerus.
1435 2157 1456 2183 Ο
1472 2162 1562 2191 quani
1573 2153 1806 2190 sapientissimus
1822 2153 1879 2180 Do-

1101 2204 1211 2238 minus,
1228 2204 1311 2238 cujus
1330 2202 1504 2238 sapientiam
1524 2200 1598 2228 nihil
1616 2200 1728 2233 fallere,
1749 2198 1823 2227 nihil
1838 2198 1880 2226 la—

1102 2253 1160 2279 tere
1183 2252 1298 2286 potest,
1328 2250 1399 2285 quia
1419 2249 1520 2276 omnia
1539 2247 1692 2276 manifesta
1714 2248 1742 2274 et
1765 2245 1880 2274 occulta

1102 2297 1193 2325 novit.
1208 2296 1312 2325 Omnia
1328 2296 1429 2331 utique
1443 2303 1535 2331 opera
1550 2297 1650 2322 nostra
1660 2294 1741 2322 hona
1751 2291 1878 2326 etmulti,

1103 2344 1204 2372 omnia
1219 2343 1311 2371 verba
1323 2345 1423 2370 nostra
1434 2341 1644 2375 bonaetmala,
1659 2348 1762 2368 omnes
1769 2339 1878 2374 cogita-

1104 2391 1198 2418 tiones
1213 2392 1239 2417 ct
1254 2390 1355 2417 omniu
1371 2389 1517 2417 desideria
1534 2391 1633 2417 nostra
1652 2388 1732 2415 bona
1747 2388 1775 2413 et
1790 2385 1879 2419 mala,

1103 2438 1206 2465 omnia
1220 2437 1272 2465 scit
1286 2437 1435 2465 Dominus.
1453 2436 1532 2463 Unde
1549 2437 1647 2463 Petrus
1658 2434 1697 2462 ait
1710 2434 1719 2450 ³
1733 2442 1739 2460 :
1758 2433 1880 2466 Domine,

1106 2487 1134 2511 tu
1150 2486 1239 2511 omnia
1256 2486 1307 2511 scis
1333 2506 1338 2511 .
1356 2485 1437 2517 Ecce,
1454 2483 1552 2515 Maria,
1569 2481 1665 2518 qualis
1677 2479 1816 2507 Dominus
1827 2480 1880 2512 ost,

1104 2540 1195 2568 quam
1217 2531 1447 2567 sapientissimus
1473 2529 1623 2562 Dominus,
1645 2527 1696 2563 qui
1712 2529 1810 2554 tecum
1828 2527 1880 2553 est.

1106 2601 1127 2622 3³.
1150 2613 1174 2616 fl
1199 2600 1207 2615 ἰ
1227 2600 1294 2623 Psnl,
1315 2605 1420 2623 mxxxiv.
1438 2599 1461 2621 G.
1476 2610 1505 2615 -
1525 2597 1535 2613 ὃ
1552 2596 1632 2625 Esm„
1650 2601 1706 2624 Ι(ιιι,
1723 2596 1747 2618 Ω.
1764 2607 1793 2611 -
1807 2593 1817 2609 ⁶
1836 2593 1881 2617 Ec-

1104 2635 1156 2665 cli'„
1174 2642 1244 2666 xxix,
1265 2637 1300 2659 ¹5⁴
1318 2648 1348 2652 —
1366 2635 1374 2651 ⁷
1389 2633 1457 2657 Psul.
1473 2638 1558 2660 cxmz,
1573 2632 1655 2654 5.-ς
1669 2632 1752 2661 loma,
1769 2635 1822 2658 xxi,
1842 2629 1879 2653 Π.

1139 2679 1170 2708 (a)
1187 2679 1247 2702 Cmt.
1264 2678 1323 2701 edit.
1340 2678 1409 2700 deest
1424 2675 1545 2698 omuibus.
1562 2687 1587 2691 —-
1607 2673 1639 2704 (b)
1655 2673 1729 2702 Yulg.
1745 2673 1820 2696 mosli-
