2029 3052
232 278 272 309 68
611 266 826 308 SERMONES
847 266 898 299 DE
920 264 1087 298 SANCTlS
1108 264 1150 298 ΙΝ
1171 264 1365 299 commum.
1386 264 1479 298 XXV.

230 343 240 360 ¹
252 351 267 370 α
277 341 418 380 Deposuit
430 341 566 378 potentes
580 338 619 368 de
630 337 713 372 sede,
722 337 751 365 et
764 334 906 364 exaltavit
917 333 1016 363 humi-

229 391 283 420 les.
299 400 314 418 n
326 389 397 424 Quis
410 395 547 425 unquam
559 386 592 415 in
607 384 716 414 coelum
729 381 874 418 ascendit,
889 381 947 411 nisi
962 381 1015 419 qui

231 437 305 467 tuit?
315 435 495 473 Augustinus
503 435 515 452 ²
531 442 567 462 ει
579 432 726 462 Arborem
739 438 803 463 non
815 429 934 464 videtis,
947 437 1016 466 quae

231 484 365 514 radicem
378 483 410 512 in
421 481 526 511 infimo
540 480 615 517 figit,
629 480 663 508 ut
676 485 795 507 sursum
809 476 931 506 tendere
945 483 1016 512 pos-

232 531 279 560 sit.
289 541 304 558 »
314 532 388 560 Nam
397 529 450 566 qui
461 528 524 557 sine
537 525 713 556 humilitatis
720 523 822 554 radice
829 522 1018 553 altitudinem

230 579 318 616 petit,
337 585 401 606 non
423 574 558 614 proficit,
581 573 635 602 sed
658 571 824 602 descendit.
845 572 857 589 ⁸
883 580 898 597 ιι
917 571 1016 598 Bonus

229 625 343 654 fundus
353 622 516 657 humilitas,
539 621 571 650 in
584 628 646 658 quo
667 627 758 648 omne
780 617 942 648 aedificium
955 615 1017 653 spi-

229 671 335 701 rituale
355 671 569 704 constructum,
584 667 689 697 crescit
711 667 742 696 in
763 665 910 703 templum
931 671 1016 692 sanc-

230 721 295 748 tum
312 718 344 747 in
368 717 504 746 Domino.
525 726 539 743 ι
556 717 610 744 Per
634 713 834 743 humilitatem
857 719 947 748 ergo,
970 710 1016 738 in-

230 773 334 804 quam,
350 764 478 794 ascende
493 763 534 792 ad
554 761 780 794 sublimitatem,
801 759 875 796 quia
896 758 959 786 hoec
974 759 1018 785 est

228 814 290 849 via,
304 814 334 842 et
347 819 410 842 non
424 813 466 840 est
488 810 548 840 alia
571 810 677 847 proeter
698 815 783 843 eam;
804 806 866 834 imo
885 806 909 833 si
932 804 1018 832 aliter

229 868 349 889 sursum
376 858 490 893 tendit,
519 857 599 886 cadit
629 855 712 893 prius
739 861 833 892 quam
863 851 1015 881 ascendat.

229 907 314 937 Ratio
338 908 381 935 est
403 905 444 935 ad
471 905 530 934 hoc
548 914 555 933 :
585 911 678 940 quare
703 900 843 931 contrarii
865 901 933 928 sunt
952 906 1018 927 mo·

229 957 287 990 tus,
300 961 394 991 quare
416 955 496 981 terra
518 953 657 980 movetur
676 949 836 984 deorsum,
861 947 916 976 sed
939 945 1017 983 ignis

229 1001 374 1030 sursum?
389 999 466 1034 Quia
488 1001 566 1027 terra
589 1000 633 1026 est
647 996 746 1034 gravis
754 1017 762 1032 ‚
792 995 845 1024 sed
869 993 947 1031 ignis
975 994 1018 1021 est

229 1048 313 1077 levis.
339 1047 397 1076 Sed
423 1048 555 1080 constat,
581 1044 667 1082 quod
691 1042 834 1080 superbia
861 1040 1017 1069 hominem

230 1095 340 1131 dejicit,
364 1094 440 1122 sicut
458 1094 489 1122 in
507 1092 652 1127 Lucifero,
678 1092 706 1119 et
723 1090 755 1118 in
777 1088 876 1126 primo
895 1088 1017 1124 parente

229 1142 326 1180 patuit
354 1151 361 1169 :
403 1148 476 1177 ergo
515 1138 687 1173 humilitas,
727 1144 782 1174 per
815 1134 997 1164 contrarium
1009 1154 1018 1167 ‚

230 1189 385 1218 hominem
407 1195 526 1216 sursum
547 1185 638 1214 vehit.
663 1187 745 1218 item,
763 1183 878 1219 quanto
901 1179 1019 1217 aliquid

230 1236 298 1273 plus
312 1234 469 1272 participat
483 1234 521 1262 de
537 1233 634 1261 torma
655 1231 709 1266 rei,
725 1232 807 1258 tanto
827 1231 856 1257 et
875 1228 944 1265 plus
965 1235 1017 1256 oc-

231 1284 322 1319 cupat
342 1282 380 1310 de
394 1281 463 1310 loco
478 1281 564 1316 ejus:
587 1279 640 1307 sed
664 1279 762 1306 forma
786 1276 890 1305 Christi
914 1274 1018 1311 capitis

232 1330 335 1365 nostri,
351 1328 503 1357 humilitas
520 1327 613 1364 ipsius
636 1326 700 1358 suit,
725 1327 753 1353 et
767 1324 835 1352 loco
851 1324 914 1358 eius
931 1324 974 1351 est
989 1322 1019 1349 in

233 1377 375 1406 cordibus
389 1375 478 1405 bonis
493 1385 499 1403 :
516 1382 587 1411 ergo
601 1376 713 1410 quanto
733 1372 801 1409 plus
816 1371 909 1399 homo
929 1369 1020 1398 habet

233 1427 271 1455 de
283 1425 462 1459 humilitate,
475 1426 556 1452 tanto
568 1423 635 1460 plus
647 1422 738 1450 habet
753 1421 791 1449 dc
803 1420 907 1448 christi
923 1418 1018 1447 subli-

232 1474 345 1502 mitate.
362 1476 446 1509 Aqua
461 1471 540 1500 enim
554 1470 591 1498 de
606 1469 770 1503 montibus,
779 1468 841 1496 sive
852 1467 889 1495 de
903 1469 1019 1494 tumore

232 1521 394 1555 montium,
423 1519 486 1546 ssuit
509 1517 548 1546 ad
574 1517 677 1545 valleS.
701 1515 782 1543 Unde
801 1522 891 1551 super
908 1513 1020 1541 librum

237 1568 435 1604 Veqetabilium
463 1565 533 1593 dicit
556 1565 790 1597 commentator,
809 1561 893 1598 quod
916 1568 1021 1588 omnes

234 1615 297 1652 agri
313 1615 343 1642 in
365 1612 507 1642 convexis
530 1611 690 1639 declivium
711 1609 834 1638 collium
851 1608 937 1645 positi
953 1610 1021 1635 suut

235 1661 383 1691 macilenti
399 1663 427 1689 et
441 1659 521 1694 sicci,
539 1667 575 1686 co
591 1657 674 1694 quod
689 1657 798 1685 humor
820 1658 847 1683 et
866 1655 1020 1692 pinguedo

235 1711 332 1738 ssuunt
346 1709 384 1737 ad
399 1707 550 1736 convalles
567 1715 573 1733 ε
591 1707 712 1741 propter
728 1703 811 1740 quod
827 1703 1020 1735 trumentum,

235 1759 264 1785 et
278 1764 367 1785 omne
382 1755 523 1790 legumen
539 1753 653 1781 habens
664 1758 827 1787 granorum
840 1749 1021 1777 soliditatem

236 1806 265 1832 et
287 1803 505 1836 humiditatem,
529 1800 635 1828 melius
654 1797 825 1831 innascitur,
850 1796 921 1832 quia
949 1795 1023 1823 sicut

237 1853 314 1879 terra
326 1851 421 1886 juvat,
437 1848 479 1876 sic
494 1847 610 1875 semina
626 1846 777 1881 juvantur.
801 1843 882 1871 L'nde
907 1844 1024 1879 oportet

238 1906 340 1927 eorum
360 1896 507 1925 bonitates
526 1894 565 1922 ad
588 1901 732 1928 magnum
756 1891 856 1919 venire
878 1896 1022 1925 augmen-

238 1949 301 1974 tum
316 1947 437 1981 propter
452 1942 596 1971 circulare
613 1940 767 1969 auxilium.
785 1938 962 1974 Exemplum
976 1945 1024 1965 ac-

239 1994 304 2029 cipe
318 1992 354 2019 de
379 1998 504 2026 corpore
524 1988 664 2022 hominis,
690 1986 773 2022 quod
798 1986 895 2022 primo
921 1985 1025 2012 alterat

239 2040 357 2073 cibum,
386 2045 476 2074 quem
507 2035 626 2071 recipit,
655 2034 728 2061 dum
762 2033 847 2060 illum
875 2035 1022 2059 transmu-

241 2089 292 2121 tat,
308 2088 336 2114 et
350 2084 493 2113 assimilat
506 2081 662 2115 membris;
678 2081 730 2108 sed
746 2080 851 2107 ultimo
868 2079 965 2115 ipsum
981 2078 1023 2105 al-

241 2135 350 2161 teratur
365 2141 381 2160 a
393 2131 477 2159 cibis.
494 2131 539 2158 Sic
554 2129 688 2157 similiter
699 2130 727 2155 et
743 2127 857 2155 semina
867 2134 897 2153 se
913 2125 1024 2153 hubent

241 2181 279 2209 ad
303 2188 420 2215 agrum.
449 2181 475 2206 et
499 2178 589 2205 etiam
610 2176 725 2203 semina
747 2175 888 2202 virtutum
913 2173 952 2200 ad
973 2180 1025 2199 cor

242 2228 406 2255 humanum
424 2235 430 2253 ι
449 2225 521 2252 dum
537 2225 629 2252 homo
650 2223 731 2259 prius
747 2230 799 2258 per
819 2229 854 2249 ea
875 2220 1024 2252 alteratur,

242 2276 304 2312 ipse
327 2283 357 2302 sc
379 2283 432 2310 per
454 2283 489 2301 ea
509 2273 688 2305 exercitans,
709 2271 747 2298 ad
771 2271 886 2305 majora
907 2275 1026 2303 semper

242 2324 323 2350 hona
339 2322 479 2358 disponit.
497 2323 529 2348 tit
543 2320 614 2356 quia
636 2320 690 2347 hoc
709 2320 740 2345 tit
755 2317 884 2345 maxime
906 2324 958 2352 per
973 2315 1026 2342 hu-

243 2370 411 2402 militatem,
432 2377 497 2404 qme
524 2367 591 2394 iacit
612 2366 764 2394 hominvm
782 2365 905 2397 vallem,
928 2366 955 2390 et
979 2370 1026 2389 su-

243 2426 342 2454 pernae
357 2415 516 2444 intluentiw
529 2422 669 2450 capacem
685 2422 690 2440 :
708 2413 776 2440 ideo
791 2411 940 2440 humilitas
956 2417 1026 2437 vera

244 2469 285 2493 est
299 2464 422 2500 subjecti
438 2462 606 2495 exaltative,
624 2463 678 2488 cte.

534 2541 663 2571 stiunt»
689 2540 737 2569 ιΙΙ.

281 2608 386 2640 Quanto
402 2606 487 2639 major
503 2613 539 2639 cs,
554 2604 671 2631 humilia
690 2606 715 2629 tc
737 2603 765 2628 in
781 2601 902 2627 omnibns
920 2601 936 2626 ⁸.
956 2600 1025 2626 For—

276 2682 281 2697 ¹
300 2682 388 2710 Luc.,1‚
402 2681 439 2703 [ιε.
453 2692 481 2696 -
497 2680 504 2693 ³
516 2680 591 2708 Aug.y
606 2677 635 2699 «lv
649 2676 714 2700 nerle.
730 2676 810 2704 own„
822 2682 899 2698 serm.
914 2678 1026 2702 xxxvttt,

243 2718 275 2741 nl.
295 2722 380 2745 ιΧΗι,
401 2723 424 2738 ιι.
446 2717 480 2738 Π,
498 2729 526 2732 -
546 2716 555 2729 ³
575 2712 753 2742 ltt=i<«1.11·=t.‚‹lr
773 2712 912 2739 (wanuh-12,
932 2711 965 2733 ht·
996 2710 1026 2738 ll,

244 2764 265 2777 a.
287 2760 319 2783 νι,
338 2760 361 2776 u.
383 2755 419 2776 ts.
437 2765 463 2768 —-
485 2753 490 2763 ⁸
513 2751 603 2777 Ει·ιΙι.,
623 2756 661 2776 ιιι,
678 2752 716 2772 ει).
736 2762 759 2765 --
785 2747 1024 2777 ²*1ltlg.,tlt·(jtt'tl.

1069 333 1184 364 tissima
1196 333 1320 372 quaestio
1335 335 1390 370 est,
1409 335 1440 362 et
1459 330 1590 362 difficilis
1609 329 1650 360 ad
1662 329 1856 365 solvendum,

1071 389 1139 419 quae
1152 381 1190 410 sit
1202 381 1291 417 ratio,
1306 380 1392 419 quod
1413 388 1483 410 eum
1498 381 1573 408 Deus
1587 378 1624 407 sit
1642 376 1813 413 altissimus,
1827 378 1858 406 et

1071 429 1276 467 superomnia
1296 429 1539 463 sublimissimus,
1562 426 1648 464 quod
1665 433 1729 455 non
1751 424 1780 454 ei
1801 431 1856 462 ap-

1070 476 1278 513 proximamus
1300 475 1510 511 ascendendo,
1533 474 1589 504 sed
1609 473 1710 511 potius
1733 471 1857 501 descen-

1071 522 1174 552 dendo
1179 533 1189 560 5
1200 531 1263 552 non
1272 522 1487 560 superbiendo,
1494 521 1550 551 sed
1559 521 1660 559 potius
1667 517 1858 556 dejiciendo?

1075 579 1089 596 α
1104 569 1225 599 Videtur
1239 580 1254 596 n
1269 571 1382 605 autem,
1396 570 1430 598 ut
1443 568 1624 606 Augustinus
1637 567 1710 596 dicit
1722 567 1745 602 ⁵,
1762 575 1778 594 α
1793 573 1858 595 esse

1072 616 1256 646 contrarium
1269 625 1276 645 :
1292 627 1307 644 ι
1323 623 1395 645 nam
1414 623 1484 645 cum
1498 615 1609 645 cmlum
1627 615 1687 644 situ
1699 614 1738 643 sit
1750 613 1858 649 atnam,

1071 671 1134 692 non
1149 663 1317 701 proximior
1325 665 1369 693 est
1378 663 1416 700 ei,
1431 663 1484 701 qui
1496 663 1528 692 in
1537 662 1714 692 altissimum
1723 662 1858 690 montem

1072 710 1215 746 ascendit,
1243 718 1337 748 quam
1364 710 1432 746 ille,
1456 710 1510 748 qui
1532 710 1564 738 in
1591 708 1858 746 profundissimam

1071 757 1182 786 vallem
1206 758 1370 787 descendit.
1398 757 1469 792 Quis
1496 764 1632 794 unquam
1658 756 1690 785 in
1717 755 1859 785 arborem

1073 805 1175 840 altam,
1189 805 1256 842 quis
1270 805 1301 834 in
1316 805 1443 834 domum
1456 804 1616 839 elevatam,
1630 803 1698 841 quis
1712 803 1744 832 in
1753 802 1859 832 turrim

1073 851 1249 881 altissimam
1269 852 1403 881 ascendit
1424 860 1455 881 se
1479 851 1673 887 inclinando,
1697 852 1726 879 et
1743 857 1807 879 non
1826 857 1859 878 se

1073 899 1172 936 potius
1197 899 1364 928 elevando?
1386 901 1460 929 Nam
1481 899 1522 928 ad
1542 899 1601 928 hoc
1623 898 1701 927 fiunt
1719 897 1806 926 soalae
1827 896 1859 925 in

1073 946 1214 982 turribus,
1231 949 1263 975 ut
1277 955 1331 984 per
1354 946 1467 984 gradus
1481 946 1521 975 ad
1533 954 1686 975 summum
1705 944 1860 982 pervenia-

1073 1002 1152 1022 mus.
1166 993 1287 1023 Videtur
1302 994 1383 1023 enim
1396 993 1480 1035 quod
1495 993 1591 1029 magis
1605 992 1752 1021 debemus
1761 991 1861 1028 proxi-

1073 1049 1157 1070 mare
1185 1042 1262 1076 Deo,
1289 1049 1346 1070 nos
1370 1040 1537 1076 elevando,
1561 1047 1655 1076 quam
1679 1037 1858 1075 dejiciendo.

1073 1087 1131 1116 Sed
1147 1089 1184 1124 (a)
1198 1088 1383 1116 contrarium
1404 1089 1447 1116 est
1467 1087 1600 1116 Psalmus
1613 1086 1635 1120 ⁸,
1654 1085 1708 1114 ubi
1728 1085 1836 1114 dicitur
1853 1094 1860 1113 :

1077 1145 1091 1162 a
1106 1135 1232 1164 Accedet
1250 1135 1344 1164 homo
1365 1134 1406 1163 ad
1428 1142 1481 1163 cor
1502 1133 1609 1168 altum,
1633 1135 1663 1162 et
1684 1132 1862 1162 exaltabitur

1075 1182 1160 1210 neus.
1179 1192 1192 1209 n
1214 1182 1284 1210 Mira
1299 1190 1357 1217 res,
1379 1182 1451 1218 quia
1474 1183 1587 1218 quanto
1610 1180 1680 1217 plus
1704 1181 1732 1208 te
1753 1179 1861 1214 elevas,

1075 1231 1156 1257 tanto
1183 1229 1251 1265 ptus
1273 1238 1291 1257 a
1318 1231 1378 1258 Deo
1402 1229 1504 1258 distas.
1529 1228 1587 1257 Sed
1611 1227 1747 1262 attende,
1777 1225 1862 1263 quod

1075 1278 1105 1305 in
1119 1277 1209 1306 rebus
1231 1277 1347 1312 creatis,
1364 1285 1431 1313 quoe
1452 1277 1541 1305 situm
1562 1276 1675 1304 habent
1694 1275 1726 1304 in
1739 1275 1820 1311 loeo,
1834 1276 1863 1303 et

1075 1324 1151 1352 inter
1166 1333 1197 1352 se
1213 1324 1332 1359 distent,
1348 1324 1423 1352 sicut
1446 1324 1484 1352 ab
1504 1323 1546 1352 eis
1568 1323 1636 1352 loco
1651 1323 1806 1358 distamus,
1821 1323 1863 1350 sic

1076 1374 1104 1399 et
1116 1371 1184 1400 loco
1199 1379 1316 1407 earum,
1331 1372 1354 1400 si
1366 1371 1517 1406 volumus,
1533 1371 1751 1408 proximamus,
1768 1372 1797 1399 et
1809 1378 1864 1407 per

1075 1419 1188 1447 locales
1203 1418 1314 1454 gradus
1329 1418 1369 1446 ad
1387 1426 1437 1446 eas
1458 1418 1658 1446 ascendimus.
1679 1417 1765 1446 Nulla
1783 1417 1864 1446 enim

1075 1474 1122 1494 res
1147 1468 1246 1494 creata
1266 1465 1388 1494 inferior
1411 1465 1488 1494 intra
1509 1465 1575 1494 creti
1597 1463 1864 1493 circumferentiam

1076 1513 1232 1550 adaequate
1254 1515 1297 1541 est
1317 1512 1469 1547 conclusa,
1494 1512 1563 1541 licet
1582 1512 1659 1540 intra
1684 1520 1752 1541 eam
1773 1511 1811 1540 sit
1833 1511 1863 1539 in

1077 1563 1156 1589 certa
1169 1560 1374 1596 proportione,
1390 1562 1418 1587 et
1434 1559 1526 1593 finita,
1543 1561 1681 1588 contenta
1698 1569 1704 1587 ι
1723 1567 1790 1596 qum
1807 1559 1864 1587 uti-

1077 1616 1135 1643 que
1151 1609 1321 1635 mensurata
1336 1609 1389 1640 est,
1406 1609 1433 1635 et
1447 1607 1540 1640 linita,
1553 1607 1624 1643 quia
1637 1606 1661 1634 si
1677 1606 1787 1634 coelum
1799 1605 1866 1634 infl-

1077 1654 1171 1682 nitum
1193 1657 1278 1689 esset,
1291 1655 1394 1690 utique
1410 1654 1576 1682 mensurari
1589 1661 1650 1682 non
1663 1655 1773 1690 posset,
1789 1653 1865 1681 sicut

1077 1701 1276 1738 Philosophus
1289 1701 1299 1716 '¹
1315 1701 1395 1729 dicit.
1412 1702 1486 1729 Cum
1507 1701 1584 1729 inter
1605 1702 1705 1729 creata
1725 1699 1864 1728 distantia

1077 1749 1113 1777 sit
1129 1749 1221 1784 linita,
1235 1749 1308 1776 dum
1320 1751 1416 1785 partes
1435 1748 1549 1776 medias
1569 1747 1799 1784 pertransimus,
1822 1746 1864 1775 illi

1078 1796 1154 1824 coelo
1170 1796 1433 1833 approximamus;
1451 1796 1512 1824 imo
1529 1803 1597 1823 cum
1612 1798 1746 1824 montem
1761 1802 1864 1824 ascen-

1079 1844 1189 1878 dimus,
1205 1843 1282 1871 coelo
1297 1843 1496 1879 proximiores
1509 1850 1622 1870 sumus.
1639 1842 1816 1879 Exemplum
1827 1841 1865 1870 de

1078 1890 1136 1918 illis
1151 1892 1173 1925 ⁸,
1184 1890 1235 1927 qui
1251 1890 1476 1918 aediticaverunt
1491 1890 1594 1918 turrim
1608 1889 1708 1924 Babel,
1722 1889 1793 1917 utin
1806 1897 1866 1917 coe-

1079 1937 1142 1965 lum
1161 1937 1366 1966 ascenderent.
1387 1937 1444 1965 Sed
1465 1939 1547 1971 nota,
1569 1937 1652 1973 quod
1674 1944 1735 1965 non
1750 1936 1791 1964 sic
1807 1938 1866 1964 Deo

1078 1985 1334 2021 approximamus.
1351 1985 1426 2012 neus
1442 1984 1521 2011 enim
1537 1987 1579 2012 est
1593 1984 1767 2018 immensus,
1783 1985 1811 2011 et
1825 1983 1866 2011 iu-

1080 2033 1191 2066 tinitus,
1216 2031 1300 2059 nullo
1323 2031 1390 2058 loco
1415 2030 1588 2065 conclusus3
1613 2030 1665 2058 scd
1685 2033 1728 2058 est
1752 2029 1865 2066 ubique

1081 2082 1170 2113 totus,
1186 2082 1217 2106 ut
1238 2078 1301 2105 sine
1317 2086 1353 2106 eo
1369 2078 1493 2105 omnino
1510 2077 1610 2105 nullus
1624 2077 1661 2105 sit
1675 2076 1778 2105 locus:
1793 2085 1866 2113 ergo

1081 2134 1134 2154 nce
1148 2126 1215 2153 loco
1230 2125 1268 2153 ab
1285 2133 1320 2152 eo
1336 2124 1489 2152 distamus.
1503 2136 1516 2150 «ι
1532 2125 1587 2152 Nec
1603 2124 1640 2158 ei,
1655 2135 1668 2151 ιι
1681 2126 1712 2152 ut
1727 2124 1798 2153 dicit
1812 2127 1867 2153 Au—
1891 2158 1893 2160 ¹

1079 2173 1214 2207 gustinus
1225 2173 1244 2207 ⁹,
1259 2183 1272 2198 ‹-
1284 2172 1362 2206 loco,
1379 2171 1431 2199 scd
1447 2171 1660 2207 actionibustt»)
1677 2172 1867 2208 approxima-

1080 2228 1147 2247 mus
1162 2229 1168 2247 ι
1185 2230 1198 2245 ι)
1221 2219 1304 2255 quod
1319 2227 1379 2247 non
1401 2219 1525 2246 facimus
1540 2227 1595 2246 nos
1616 2219 1795 2254 exaltando,
1814 2219 1867 2247 sed

1080 2268 1106 2294 ei
1123 2275 1177 2295 nos
1192 2267 1291 2303 potius
1306 2266 1504 2301 subjiciendo.
1523 2267 1606 2301 Nam,
1624 2275 1692 2294 cum
1708 2267 1799 2303 ipsea
1814 2274 1867 2294 no—

1080 2314 1126 2342 bis
1141 2314 1228 2342 distet
1239 2314 1268 2341 in
1283 2314 1443 2344 inlinitum.
1459 2322 1528 2341 eum
1539 2314 1686 2342 infinitum
1696 2314 1866 2350 pertransiri

1081 2369 1141 2388 non
1164 2361 1266 2397 possit,
1289 2363 1319 2388 ut
1341 2360 1411 2388 dicit
1427 2361 1624 2397 Philosophus
1641 2362 1669 2396 ¹⁰,
1691 2360 1760 2388 ideo
1782 2361 1824 2388 sic
1840 2361 1865 2387 ei

1081 2416 1141 2436 non
1157 2408 1413 2444 approximamus.
1433 2409 1488 2436 Nos
1505 2416 1576 2443 ergo
1591 2415 1643 2443 per
1655 2415 1710 2435 nos
1722 2415 1784 2436 non
1796 2415 1865 2444 pos—

1081 2464 1182 2483 sumus
1197 2455 1338 2483 accedere
1355 2455 1395 2483 ad
1409 2457 1515 2489 Dcum3
1528 2454 1581 2482 sed
1597 2454 1690 2490 ipsius
1704 2457 1746 2482 est
1761 2453 1800 2483 ad
1811 2462 1865 2482 nos

1081 2503 1234 2536 inclinare,
1248 2505 1275 2529 et
1294 2510 1348 2530 nos
1364 2502 1402 2530 ad
1418 2510 1449 2530 se
1464 2501 1574 2536 levare,
1590 2509 1659 2529 cum
1674 2502 1711 2529 sit
1727 2502 1864 2537 potentiae

1084 2586 1141 2613 Dei,
1165 2586 1208 2610 hb.
1229 2586 1295 2615 xlv,
1315 2594 1338 2609 υ.
1359 2590 1423 2614 xm,
1444 2591 1469 2608 n.
1492 2587 1511 2608 t.
1536 2597 1566 2602 —-
1587 2585 1596 2601 ⁶
1615 2584 1679 2608 Psal.
1701 2591 1780 2616 ane,
1796 2587 1820 2609 Β.
1835 2598 1866 2603 -

1083 2623 1088 2636 ”’
1107 2622 1191 2652 Arist„
1207 2621 1236 2644 sle
1255 2621 1326 2649 (la-l„
1344 2621 1387 2646 tit».
1405 2621 1453 2651 ttt,
1475 2623 1538 2644 text.
1559 2622 1595 2644 19.
1613 2634 1638 2638 —-
1655 2621 1666 2637 ⁸
1681 2621 1752 2651 Gen„
1772 2627 1820 2646 xit.
1835 2634 1865 2640 -—

1087 2661 1183 2687 'Aut-2,
1205 2657 1234 2680 ‹le
1257 2658 1323 2681 rvr-b.
1350 2658 1445 2687 Aposh,
1466 2663 1542 2681 serm.
1565 2662 1596 2685 ιι,
1618 2657 1649 2681 nl.
1671 2663 1764 2688 cxxxi,
1785 2665 1811 2682 n.
1834 2659 1863 2688 2;

1085 2694 1172 2717 tinnit.
1190 2694 1214 2715 171
1233 2694 1300 2717 νιηιΙ,
1319 2704 1323 2713 ι
1339 2698 1404 2721 xisti,
1421 2699 1445 2716 u.
1463 2694 1484 2716 3.
1499 2705 1528 2709 -
1546 2693 1565 2708 '⁰
1580 2693 1665 2724 Arist„
1681 2694 1724 2717 uhi
1741 2701 1797 2725 sup.

1115 2746 1148 2773 ιιι)
1167 2743 1257 2773 διψΙιΙ.
1275 2744 1309 2766 ιιι.
1325 2755 1357 2761 -
1374 2741 1407 2771 (b)
1421 2742 1477 2773 Ley.
1489 2742 1631 2766 atl'eetibus.
