1955 3021
181 267 263 294 xxm

179 327 358 362 secundum
366 324 584 362 confirmasse,
598 320 732 354 tertium
745 317 935 358 declarasse,
948 317 987 350 ut
997 317 1134 350 minime
1146 316 1188 350 ad
1197 317 1346 358 tempora
1357 315 1478 349 Nicolai
1492 315 1535 348 lll
1549 317 1582 348 et
1590 314 1761 348 Clementis
1772 315 1799 349 V

181 385 361 430 pertigerit,
377 391 481 425 quum
494 380 644 414 neutrius
659 377 831 420 Expositor
846 376 887 418 (a)
902 375 1100 408 mentionem
1118 375 1222 408 ullam
1234 374 1368 417 injiciat.
1389 374 1515 408 Floruit
1527 383 1609 416 ergo
1631 373 1800 407 Bonaven·

183 448 266 480 turae
278 446 435 485 tempore,
449 450 510 473 nec
520 439 621 472 alium
638 438 678 470 ab
692 437 762 479 ipso
776 436 1004 469 Bonaventura
1017 435 1117 468 fulsse
1136 434 1289 476 arguitur
1305 443 1348 466 ex
1366 433 1617 475 allegationibus
1642 433 1804 466 similibus

182 513 308 544 earum,
323 511 403 545 quas
417 501 451 533 in
461 499 531 532 aliis
549 497 644 531 certis
655 499 728 539 ejus
741 496 894 538 operibus
908 495 1016 536 legere
1030 495 1089 527 est.
1103 493 1324 535 allegationes
1335 494 1446 525 autem
1460 494 1539 525 sunt
1551 492 1708 534 Dionysii,
1723 492 1804 524 Am-

183 563 294 602 brosii,
310 558 540 602 chrysostomi,
550 555 752 597 Hieronymi,
766 553 954 595 Augustini,
970 556 1030 586 etc.
1042 553 1165 586 Laudat
1178 561 1309 594 quoque
1318 551 1403 584 inter
1412 560 1520 584 sacros
1534 550 1714 593 Scriptores
1728 550 1804 583 Pro-

183 630 326 664 sperum,
340 620 424 652 inter
430 618 580 660 profanos
589 616 755 648 Platonem
767 615 799 647 et
814 613 981 646 Senecam.
991 613 1113 646 Praeter
1123 611 1198 653 styli
1212 610 1470 650 similitudinem,
1482 611 1531 642 est
1544 609 1721 641 similitudo
1734 608 1806 642 doc-

183 681 289 714 trinae.
299 678 391 719 Quod
400 677 487 710 enim
497 676 604 708 inssne
613 674 725 716 capitis
735 683 771 706 ix
781 673 942 715 praedictae
953 671 1169 714 Expositionis
1178 670 1302 712 legitur
1313 680 1321 702 :
1334 681 1350 700 a
1360 669 1463 702 Nullis
1470 669 1542 701 aliis
1554 668 1723 710 Religiosis
1733 667 1806 710 plus

184 739 336 782 competit
348 736 524 780 praedicare
547 744 589 767 ex
610 734 734 767 ratione
758 732 808 765 sui
831 735 944 771 status,
969 740 1070 773 quam
1090 730 1154 770 his,
1173 730 1228 772 qui
1255 730 1339 762 hanc
1358 728 1518 770 Regulam
1546 728 1771 770 prosstentur²‚
1787 738 1802 757 ι

184 798 318 832 omnino
333 796 476 829 cohaeret
489 795 531 834 ei,
547 793 634 836 quod
648 793 682 825 in
697 791 839 834 Epistola
851 791 891 823 ad
913 790 997 831 Mag.
1014 789 1254 822 innominatum
1268 788 1498 821 Bonaventura
1518 789 1628 819 noster
1641 786 1756 819 asserit
1768 785 1809 818 de

184 858 295 891 Fratre
307 856 446 894 Minore,
469 865 484 884 α
498 852 641 891 credens,
654 850 742 892 quod
755 850 835 882 nulli
851 849 967 890 magis,
983 858 1083 890 quam
1097 848 1165 886 tali,
1186 849 1347 889 competat
1361 846 1534 879 auctoritas
1548 846 1682 878 docendi
1698 845 1808 877 Evan-

186 917 310 959 gelium
319 915 397 948 Jesu
412 913 529 947 Christi
546 912 569 943 ¹.
585 923 600 942 n
619 910 774 944 Similiter
786 909 905 941 divinae
920 908 1096 949 Scripturae
1111 907 1254 940 textibus
1274 906 1427 945 abundat,
1452 914 1559 946 neque
1577 906 1665 937 caret
1686 904 1811 945 allega-

188 975 328 1008 tionibus
343 973 430 1006 Juris
445 971 594 1005 Canonici
606 973 637 1002 et
652 969 771 1008 Civilis,
784 970 881 1010 atque
896 967 1026 1000 Glossae.

229 1037 260 1068 5.
276 1032 569 1068 Demo-minutiones
583 1030 802 1067 Ouoestionum
813 1028 952 1060 laudatae
964 1029 1040 1059 sunt
1054 1035 1074 1059 a
1086 1025 1229 1058 Mariano
1242 1025 1426 1057 Florentino
1435 1026 1467 1056 et
1480 1024 1521 1056 ab
1532 1023 1704 1064 Anonymo
1715 1021 1814 1054 Pisto-

189 1093 298 1127 riensi.
310 1093 441 1125 Insertae
451 1093 526 1123 sunt
540 1099 559 1121 a
570 1089 675 1122 Marco
686 1087 926 1130 Ulyssiponensi
936 1086 1103 1119 chronicis
1115 1085 1290 1123 Minorum,
1303 1094 1340 1116 ac
1355 1084 1489 1125 proinde
1499 1092 1574 1115 cum
1588 1082 1666 1123 ipsis
1679 1080 1813 1113 Chroni-

190 1153 236 1185 cis
248 1152 282 1184 in
292 1153 432 1193 quatuor
441 1150 574 1191 linguas
584 1148 814 1186 Lusitanicam,
828 1146 1046 1187 Hispanicam,
1058 1145 1210 1176 Gallicam
1221 1146 1252 1175 et
1266 1143 1407 1175 Italicam
1424 1151 1536 1174 versae.
1556 1141 1674 1173 Extant
1686 1148 1816 1182 quoque

190 1211 225 1243 in
237 1210 375 1243 editione
389 1207 620 1249 Argentinensi
633 1216 686 1238 an.
703 1208 794 1244 1495,
811 1205 844 1236 in
863 1206 1084 1238 Firmamento
1098 1205 1199 1236 trium
1216 1202 1388 1240 ordinum,
1407 1202 1439 1233 in
1463 1200 1658 1242 compendio
1674 1199 1814 1233 Privile-

190 1271 329 1311 piorum,
351 1270 425 1306 etc.,
450 1276 575 1299 necnon
599 1266 682 1297 inter
703 1264 832 1297 Codices
852 1263 1013 1295 Romanos
1028 1262 1160 1294 Archivi
1183 1262 1216 1293 S.
1243 1261 1354 1293 isidor.
1381 1260 1457 1292 Min.
1486 1259 1652 1292 Recollect.
1678 1258 1818 1291 nationis

194 1327 384 1359 llibernicae.

233 1388 263 1418 6.
279 1386 321 1418 At
335 1385 461 1426 inquies
478 1395 485 1416 ι
502 1383 729 1415 Bonaventura
744 1381 865 1412 censeri
884 1381 1018 1412 minime
1034 1382 1138 1422 potest
1152 1380 1295 1420 ipsarum
1314 1380 1436 1417 auctor,
1462 1386 1566 1419 quum
1589 1376 1769 1418 quaestione
1784 1385 1819 1408 v1

194 1445 348 1487 probetur
363 1446 386 1482 ⁸,
403 1443 584 1475 Conventus
597 1449 736 1481 magnos
748 1449 822 1471 cum
839 1440 956 1480 amplis
968 1439 1116 1471 Ecclesiis
1131 1447 1338 1479 nequaquam
1352 1437 1498 1468 dissonos
1512 1446 1581 1468 esse
1600 1435 1623 1467 F
1626 1436 1820 1468 ranciscanae

194 1503 373 1546 paupertati
381 1514 389 1542 ;
405 1504 526 1534 constet
537 1503 645 1532 autem
657 1509 674 1531 e
687 1499 846 1530 contrario
859 1498 1024 1530 altissimae
1035 1497 1231 1539 paupertatis
1248 1496 1418 1528 zelatorem
1433 1495 1528 1526 ruisse
1546 1493 1819 1531 Bonaventuram,

194 1563 330 1603 ideoque
344 1570 420 1593 cum
436 1561 468 1592 in
484 1559 633 1601 Epistola
647 1558 687 1591 de
700 1557 917 1598 renuntiandis
933 1557 1114 1595 Fratribus,
1131 1559 1200 1587 tum
1214 1556 1246 1587 iu
1260 1556 1322 1587 alia
1334 1555 1483 1596 Epistola
1499 1554 1543 1587 ad
1563 1553 1734 1594 quemdam
1747 1553 1822 1586 Pro-

195 1622 368 1654 vincialem
391 1621 596 1658 Ministrzcm‚
625 1619 667 1649 im
673 1611 808 1659 probare
831 1617 964 1648 omuino
993 1615 1209 1655 aeclificiorum
1232 1614 1501 1647 constructionem
1525 1615 1745 1652 surrzptuosam
1755 1636 1763 1651 ,
1791 1615 1822 1644 et

196 1682 369 1718 curiosam,
385 1689 421 1711 ac
439 1679 644 1711 vehementer
667 1678 737 1709 illos
757 1677 934 1717 increpare,
955 1675 1011 1716 qui
1033 1674 1179 1714 aedificia
1198 1678 1388 1713 sumptuosa
1409 1676 1569 1705 conantur
1591 1673 1723 1712 eripere,
1747 1680 1822 1703 cum

197 1747 361 1772 nnn-orum
383 1739 512 1771 curiosa
533 1738 728 1769 constructio
748 1736 997 1769 destructionem
1015 1734 1127 1775 pariat
1143 1734 1343 1765 animarum.
1370 1732 1479 1772 ltaque
1499 1731 1685 1772 respondeo,
1711 1730 1822 1762 conari

198 1799 328 1841 quidem
347 1807 384 1829 eo
407 1797 464 1829 loci
487 1797 521 1828 S.
547 1796 807 1827 Bouavcnturam
835 1796 937 1826 facere
961 1794 1037 1825 satis
1057 1792 1288 1834 quaerentibus,
1309 1799 1367 1823 cur
1388 1792 1519 1823 Fratres
1544 1791 1685 1822 Minores
1707 1789 1824 1822 habent

198 1865 331 1899 maqnos
344 1857 524 1890 Conventus
532 1867 544 1895 ,·
560 1855 615 1887 sed
630 1855 708 1886 dum
724 1855 808 1896 ipsos
821 1853 946 1894 probat,
962 1861 1017 1883 cos
1032 1852 1125 1882 unice
1140 1850 1280 1882 defendit
1295 1851 1477 1890 comparate
1493 1849 1531 1880 ad
1544 1848 1678 1881 casellas
1692 1850 1724 1880 et
1739 1848 1826 1881 vilia

199 1916 394 1954 habitacula,
413 1915 558 1947 videlicet
573 1923 639 1945 non
654 1915 720 1944 tore
734 1922 875 1950 necesse,
890 1913 926 1943 ut
940 1910 1065 1943 Fratres
1085 1909 1224 1941 Minores
1243 1908 1383 1940 incolant
1398 1908 1503 1940 solum
1523 1908 1667 1946 casellas,
1691 1911 1720 1940 et
1743 1907 1827 1940 vilia

201 1974 406 2008 habitacula:
429 1983 533 2013 neque
556 1974 739 2013 propugnat
765 1970 928 2001 Miuoruiu
949 1970 1077 2013 domuS,
1102 1977 1179 2009 quac
1202 1977 1312 2008 reapse
1335 1970 1413 1998 sunt
1437 1975 1561 2007 maynoe
1580 1970 1610 1998 ct
1635 1967 1779 2005 excelsoe,
1796 1969 1827 1997 et

201 2036 404 2073 sumptuosoe,
421 2035 452 2063 et
467 2032 656 2072 paupertati
671 2030 858 2068 dissimules,
872 2029 926 2061 sed
941 2038 1015 2069 quae
1034 2028 1110 2060 tales
1132 2031 1302 2068 apparent,
1319 2027 1392 2058 licet
1409 2036 1473 2057 non
1487 2027 1562 2065 siut,
1582 2029 1691 2067 utpote
1706 2026 1777 2057 ideo
1793 2026 1825 2056 in

201 2092 303 2123 altum
313 2091 415 2130 elatee,
429 2091 504 2131 quia
520 2091 601 2121 iufra
617 2090 713 2121 uiiuis
729 2092 887 2128 angustie,
906 2098 964 2120 uec
980 2088 1074 2119 latius
1091 2087 1214 2118 ratione
1231 2086 1331 2127 ipsius
1347 2086 1543 2127 paupertatis
1562 2086 1710 2117 dilalatae.
1739 2085 1828 2117 Unde

202 2151 246 2182 ait
273 2162 280 2182 z
311 2162 325 2179 (ι
342 2150 389 2182 Ex
417 2150 477 2182 hoc
503 2150 619 2181 doinus
647 2152 764 2181 nostra¹
786 2157 916 2188 uuiguae
946 2149 1120 2188 apparent,
1152 2149 1183 2177 et
1210 2145 1363 2185 excelsa),
1385 2155 1422 2176 ac
1452 2147 1664 2186 sumptuoste,
1693 2147 1725 2176 et
1750 2153 1828 2185 pau-

204 2210 316 2251 pertati
331 2210 516 2248 dissimiles,
540 2219 614 2241 cuin
628 2212 735 2240 tamen
756 2208 815 2239 hoe
831 2209 1002 2248 paupertas
1018 2206 1124 2245 magis
1140 2206 1266 2243 efficiat,
1284 2205 1360 2246 quia
1374 2214 1414 2236 ne
1434 2204 1517 2235 circa
1540 2204 1723 2243 dilatemur,
1748 2204 1828 2235 inse-

204 2269 271 2301 rius
286 2269 523 2309 angustiamur.
547 2280 561 2297 ι)
581 2268 664 2300 Τιιιῃ
688 2269 881 2308 protestatur
905 2277 911 2296 :
933 2277 947 2294 «
972 2265 1042 2296 Non
1065 2268 1173 2296 tamen
1195 2264 1325 2295 intendo
1348 2264 1381 2294 iu
1404 2263 1454 2294 his
1471 2272 1637 2301 excusare,
1666 2262 1727 2293 nisi
1751 2270 1826 2302 quae

205 2329 296 2361 valde
311 2327 489 2359 necessaria
503 2329 587 2365 suut,
607 2329 637 2357 ct
651 2326 891 2357 rationabiliter.
911 2325 968 2356 L'bi
989 2326 1097 2355 autem
1120 2323 1337 2364 superfluitas,
1353 2322 1534 2360 curiositas,
1550 2324 1581 2353 et
1594 2320 1826 2361 irreligiositas,

205 2388 236 2417 et
250 2385 382 2425 Regulae
398 2387 430 2416 ct
445 2385 623 2425 paupertati
641 2387 759 2415 nostrae
777 2384 969 2423 derogantes
984 2385 1088 2414 essent
1113 2384 1294 2420 structura»,
1313 2381 1512 2422 reprehendo
1527 2383 1644 2418 tecum,
1667 2382 1698 2410 et
1719 2379 1829 2410 omnia

206 2443 278 2482 alia,
291 2452 365 2483 quse
381 2443 444 2473 Deo
456 2442 620 2482 displicent
638 2445 702 2473 tam
718 2443 750 2472 in
762 2442 867 2479 rebus,
881 2451 980 2482 quam
995 2441 1029 2472 in
1044 2441 1204 2472 moribus.
1224 2440 1436 2481 Quintuplicis
1451 2440 1538 2471 cuim
1552 2439 1669 2480 peccati
1686 2438 1828 2476 reisunt,

207 2501 263 2541 qui
279 2502 441 2541 superflua
458 2501 490 2531 iu
503 2501 656 2539 curtificiis,
669 2503 699 2531 ct
716 2501 793 2539 aliis,
811 2501 928 2541 quibus
950 2500 1084 2539 utimur,
1109 2501 1294 2540 procurant,
1311 2502 1342 2530 et
1358 2499 1542 2540 acquirunt,
1567 2508 1581 2526 υ
1605 2499 1665 2528 etc.
1690 2496 1829 2527 Putasne

208 2559 294 2590 hisce
305 2559 410 2589 verbis
421 2559 587 2590 credidisse
602 2559 872 2598 Bouaveuturam,
887 2560 1068 2593 Conventus
1078 2566 1210 2599 maqnos
1223 2567 1295 2590 cum
1311 2559 1427 2599 amplis
1438 2556 1589 2589 Ecclesiis
1600 2557 1625 2587 F
1630 2555 1829 2588 ranciscanae

209 2616 299 2649 haud
313 2624 377 2649 esse
393 2617 539 2650 dissonos
554 2619 760 2658 paupertati?
778 2618 837 2650 Per
852 2620 912 2651 hoc
933 2619 1049 2650 habeto
1064 2627 1256 2659 responsum
1269 2618 1308 2650 ad
1323 2618 1393 2658 ejus
1412 2616 1565 2649 Libellum
1578 2614 1827 2655 Apoloqeticicm,

243 2718 249 2733 ¹
267 2716 335 2746 Vid„
349 2722 407 2747 pag.
427 2717 482 2747 593,
496 2716 545 2740 col.
562 2718 581 2741 l.
597 2730 627 2734 —
642 2717 651 2733 ἵ
667 2718 727 2749 Pag.
745 2719 801 2749 6³1,
816 2718 866 2743 col.
886 2720 905 2744 l.
920 2731 949 2736 —
963 2719 974 2736 ³
989 2719 1049 2750 Pag.
1065 2719 1184 2743 eal-(306.

245 2769 278 2801 (a)
294 2768 424 2793 Prodrom.
443 2769 629 2801 Expositiouis.
