2029 3052
257 223 316 253 354

254 287 336 320 sicut
356 295 413 327 per
434 286 557 317 aridam
582 282 777 320 ambulabat,
800 283 831 312 et
849 280 1029 310 demersam

254 340 434 372 naviculam
451 340 589 381 capiens,
612 347 685 369 cum
705 345 743 367 ea
757 333 902 376 pervenit
921 332 960 363 ad
980 331 1030 361 lit-

253 396 317 426 tus.
333 394 476 426 Mirabile
499 393 599 424 dictu!
626 390 816 422 vestimenta
839 387 909 426 ejus
922 384 1030 416 madi-

254 448 326 479 data
340 457 405 479 non
423 449 508 486 sunt,
531 455 590 477 nec
606 453 697 485 aquae
722 444 813 482 gutta
833 438 1029 481 proximavit

254 502 294 533 ad
311 501 465 533 tunicam.

294 555 405 586 Frater
420 555 646 585 Bonaventura
664 550 794 582 nomine
809 557 884 580 cum
902 546 1029 578 duobus

253 604 332 641 viris
355 618 412 649 per
434 609 540 639 lacum
561 606 732 647 quemdam
754 603 926 642 navigan5‚
952 609 1029 631 con-

253 663 351 694 fracta
365 672 405 693 ex
427 664 516 702 parte
538 659 687 692 navicula
707 659 836 698 propter
859 663 952 695 aquae
976 653 1027 684 in-

252 717 379 749 fluentis
395 717 563 757 impetum,
580 715 745 746 demersus
759 713 805 742 est
821 718 895 741 cum
909 707 984 739 navi
999 707 1029 737 et

253 771 344 802 sociis
366 771 400 802 in
420 769 625 811 profundum.
653 767 731 798 Cum
757 766 864 795 autem
887 762 926 793 de
957 761 1029 791 lacu

254 826 391 857 miseriae
416 823 652 855 misericordem
674 822 797 861 patrem
824 815 1029 848 Franciscum

252 880 437 911 invocarent
454 887 528 909 cum
545 876 646 908 multa
663 873 791 910 fiducia,
811 868 1030 911 supernatavit

253 933 370 971 subito,
395 941 479 972 aqua
502 931 595 971 plena
626 927 794 963 navicula,
817 928 848 955 et
872 932 947 954 cum
971 922 1027 959 eis,

254 989 361 1017 sancto
376 986 538 1025 praebente
550 984 712 1019 ducatum,
730 979 899 1011 salubriter
914 984 1027 1017 perve-

252 1040 299 1070 nit
314 1040 352 1070 ad
368 1042 508 1079 portum.
526 1038 578 1068 Sic
596 1039 627 1067 et
644 1035 773 1075 quidam
796 1033 892 1062 frater
909 1031 947 1061 de
971 1029 1028 1060 Es-

253 1093 324 1124 culo
340 1093 524 1123 submersus
539 1091 573 1121 in
589 1089 734 1125 ssumine,
750 1085 849 1117 sancti
870 1082 1029 1115 Francisci

253 1147 375 1178 meritis
388 1147 493 1177 extitit
508 1145 671 1175 liberatus.
689 1141 749 1172 Sed
766 1142 795 1171 et
811 1140 843 1169 iu
859 1139 931 1169 lacu
945 1137 1028 1168 Rea-

252 1200 320 1230 tino
335 1209 408 1230 cum
422 1199 552 1240 quidam
571 1197 632 1229 viri
647 1199 679 1228 et
697 1195 846 1226 mulieres
867 1193 901 1223 in
924 1191 1028 1223 consi-

252 1253 321 1283 mili
336 1256 439 1284 esscnt
455 1251 597 1292 periculo
613 1249 786 1287 constituti,
803 1248 842 1278 ad
858 1245 1029 1277 invocatio-

253 1316 326 1337 nem
346 1307 486 1338 nominis
510 1305 609 1336 sancti
629 1302 787 1335 Francisci
811 1302 850 1332 de
872 1308 1029 1340 aquarum

253 1362 430 1392 multarum
455 1360 635 1401 periculoso
659 1357 828 1396 naufragio
861 1354 1030 1386 salubriter

253 1417 431 1447 evaserunt.

294 1470 429 1507 Quidam
467 1469 574 1498 nautae
599 1463 813 1497 Anchonitani
852 1462 1028 1503 periculosa

253 1525 438 1564 tempestate
453 1522 573 1562 Jactati,
598 1518 828 1551 submersionis
850 1515 1028 1556 periculum

248 1579 318 1618 jam
335 1578 497 1609 videbant.
517 1576 659 1615 Cumque
676 1573 719 1604 sic
734 1572 889 1612 desperati
910 1571 947 1601 de
963 1570 1029 1601 vita

253 1634 397 1663 sanctum
412 1630 614 1662 Franciseum
632 1627 816 1667 suppliciter
831 1626 1026 1662 invocarent,

253 1686 363 1717 lumen
381 1686 414 1715 in
439 1685 519 1715 mari
546 1691 701 1721 inagnum
722 1680 878 1720 apparuit,
904 1681 935 1709 et
955 1687 1027 1708 cum

251 1740 321 1780 ipso
333 1739 455 1770 lumine
472 1737 683 1777 tranquillitas
697 1743 844 1765 concessa
862 1733 1027 1770 divinitus,

252 1802 289 1823 ac
302 1793 327 1823 si
343 1793 453 1823 beatus
469 1792 517 1823 vir
533 1800 592 1821 sua
606 1788 752 1820 miranda
768 1787 885 1817 virtute
898 1788 926 1816 et
947 1794 1029 1815 ven-

252 1848 292 1878 tis
305 1847 464 1886 imperare
479 1847 583 1885 posset
600 1846 631 1874 et
651 1842 743 1873 mari.
766 1841 898 1878 Quantis
921 1843 1028 1870 autem

253 1901 483 1931 miraculorum
507 1898 661 1939 prodigiis
684 1897 795 1926 beatus
818 1895 870 1924 hic
893 1896 981 1933 pater
997 1894 1029 1924 in

252 1955 332 1985 mari
348 1954 506 1991 claruerit,
524 1955 554 1983 et
573 1952 732 1987 clarescat,
750 1948 897 1988 quotiens
912 1948 1028 1977 ibidem

253 2017 346 2048 opem
372 2007 480 2037 tulerit
507 2004 691 2045 desperatis,
722 2002 906 2032 nullatenus
936 2001 1029 2031 credo

253 2061 402 2101 possible
420 2069 475 2100 per
495 2058 625 2097 singula
638 2065 798 2087 enarrare.
817 2054 880 2084 Nec
897 2055 1026 2093 mirum,

256 2115 281 2145 si
293 2116 360 2155 jam
378 2113 525 2153 regnanti
541 2112 574 2142 in
592 2111 679 2141 ecelis
693 2109 843 2139 collatum
866 2111 912 2138 est
928 2109 1027 2148 impe-

256 2169 342 2199 rium
362 2176 458 2207 super
480 2175 590 2206 aquas,
613 2164 664 2195 cui
688 2165 717 2193 et
744 2163 776 2192 in
799 2162 857 2192 hac
885 2163 1027 2192 mortali-

254 2224 318 2252 tate
348 2220 478 2259 degenti
502 2219 606 2250 omnis
635 2225 787 2256 corporea
816 2218 960 2246 creatura
990 2215 1029 2246 ad

254 2284 346 2306 suam
376 2276 549 2313 refigurata
573 2272 733 2311 originem
756 2270 943 2301 mirabiliter
966 2279 1029 2300 ser-

254 2329 370 2360 viebat.

359 2425 396 2450 De
416 2422 537 2449 liberatis
557 2428 573 2447 a
592 2420 709 2446 vinculis
729 2420 753 2445 ct
772 2418 929 2445 carceribus.

296 2491 330 2521 In
346 2489 498 2521 Romania
516 2488 662 2518 Graecum
678 2485 847 2525 quemdam
863 2483 1028 2523 cujusdam

255 2545 375 2576 domini
391 2544 594 2579 servientem,
616 2540 748 2577 contigit
772 2539 809 2569 de
832 2539 917 2568 furto
940 2538 1028 2567 falla-

255 2597 333 2628 citer
346 2597 498 2635 accusari,
516 2604 611 2636 quem
624 2592 771 2624 dominus
787 2594 878 2622 terrae
896 2592 927 2621 in
942 2593 1028 2621 arcto

255 2660 380 2681 carcere
396 2649 559 2681 mandavit
580 2646 709 2683 includi,
736 2647 766 2675 et
789 2645 931 2683 graviter
953 2645 1028 2675 vin-

255 2704 367 2735 culari.
387 2703 517 2734 llomina
532 2710 608 2733 vero
627 2700 753 2736 domus,
781 2699 909 2728 miserta
931 2698 1025 2735 servi,

820 210 1005 244 LEGENDA
1026 209 1059 241 S.
1081 207 1298 241 FRANCISCI.

1084 286 1180 317 quem
1195 277 1412 308 indubitanter
1428 266 1576 307 credebat
1589 285 1608 307 a
1620 276 1715 316 eulpa
1729 275 1789 307 sibi
1803 275 1863 307 im-

1085 331 1186 371 posita
1208 331 1429 369 innocentem,
1461 340 1518 371 pro
1543 329 1729 361 liberatione
1761 330 1862 370 ipsius

1083 384 1168 424 apud
1183 384 1289 416 virum
1303 385 1450 425 precibus
1468 383 1633 414 insistebat
1651 382 1783 414 devotis.
1798 381 1861 413 Ve-

1084 446 1158 468 rum
1177 447 1241 468 non
1256 438 1475 478 acquiescente
1488 437 1549 468 viri
1564 437 1614 468 sui
1628 436 1746 467 duritia
1760 435 1860 467 obsti-

1083 493 1168 528 nata,
1183 492 1319 522 recurrit
1339 491 1469 522 domina
1490 490 1624 531 supplex
1649 490 1688 521 ad
1713 491 1860 520 sanctum

1083 546 1300 584 Franciscum‚
1324 548 1356 578 et
1375 548 1445 587 ejus
1467 546 1576 587 pietati
1597 547 1671 577 voto
1695 554 1859 576 commen-

1083 599 1170 630 davit
1185 599 1356 631 insontem.
1383 599 1530 631 Protinus
1556 599 1646 630 affuit
1668 599 1859 629 miserorum

1084 652 1219 692 adjutor,
1236 655 1266 684 et
1280 653 1388 685 virum
1405 653 1439 684 in
1453 661 1576 684 carcere
1601 652 1742 693 positum
1764 652 1860 683 mise-

1083 706 1248 738 ricorditer
1262 707 1411 738 visitavit.
1429 707 1530 738 Solvit
1545 706 1684 744 vincula,
1701 714 1860 736 carcerem

1083 759 1197 799 fregit,
1223 761 1425 792 innocentem
1450 760 1599 791 manibus
1625 759 1858 799 apprehensum

1083 814 1167 845 foras
1180 815 1302 853 eduxit,
1324 817 1354 846 et
1375 815 1418 846 ait
1436 826 1442 845 :
1466 814 1534 854 Ego
1556 823 1627 845 sum
1643 813 1708 851 ille,
1735 812 1786 843 cui
1801 812 1859 843 do·

1084 867 1172 897 mina
1186 869 1241 898 tua
1262 870 1292 898 te
1317 868 1429 899 devote
1451 867 1619 898 commisit.
1644 866 1787 905 Cumque
1809 864 1860 895 ille

1085 920 1198 952 timore
1213 931 1332 961 magno
1345 922 1567 962 corriperetur,
1589 923 1619 951 et
1635 929 1693 961 pro
1708 920 1860 950 descensu

1084 975 1247 1006 altissimae
1264 976 1353 1016 rupis
1367 976 1557 1014 voraginem
1573 974 1737 1012 circuiret,
1757 973 1860 1004 subito

1083 1029 1262 1060 liberatoris
1275 1029 1324 1060 sui
1339 1029 1457 1060 virtute
1472 1028 1639 1059 inveniens
1656 1036 1689 1058 se
1705 1027 1737 1057 in
1752 1026 1859 1066 plano,

1084 1083 1177 1113 rediit
1213 1082 1252 1113 ad
1280 1082 1442 1113 dominam
1473 1091 1585 1120 suam,
1613 1080 1776 1120 relataque
1804 1089 1862 1120 per

1085 1137 1230 1167 ordinem
1263 1136 1407 1167 miraculi
1431 1137 1564 1167 veritate
1590 1135 1737 1166 devotam
1759 1134 1861 1164 domi-

1084 1199 1160 1220 nam
1187 1190 1226 1221 ad
1255 1190 1367 1221 Christi
1398 1198 1560 1228 amorem,
1595 1191 1626 1220 et
1649 1188 1861 1219 reverentiam

1084 1246 1169 1277 servi
1208 1247 1278 1286 eJus
1318 1246 1341 1277 F
1343 1246 1476 1277 rancisci
1520 1245 1696 1277 ferventius
1735 1243 1862 1275 inflam-

1086 1300 1196 1331 mavit.

1126 1353 1161 1383 In
1174 1353 1276 1384 Massa
1291 1353 1389 1384 sancti
1402 1352 1485 1384 Petri
1503 1353 1629 1384 cuidam
1652 1352 1745 1383 militi
1765 1351 1859 1383 debe—

1084 1407 1139 1437 bat
1157 1407 1299 1447 pecuniae
1322 1407 1531 1446 quantitatem
1553 1406 1767 1447 pauperculus
1790 1404 1862 1445 qui-

1085 1460 1170 1491 dam.
1187 1460 1329 1500 Cumque
1346 1469 1412 1500 prce
1428 1460 1535 1499 inopia
1553 1460 1684 1490 facultas
1704 1468 1769 1490 non
1784 1468 1860 1499 sup-

1085 1517 1204 1555 peteret
1223 1515 1436 1555 persolvendi,
1456 1516 1567 1554 captus
1583 1513 1704 1544 debitor
1723 1522 1741 1544 a
1761 1512 1861 1543 milite

1085 1571 1261 1609 repetente,
1284 1568 1426 1599 misereri
1447 1568 1507 1598 sibi
1531 1567 1641 1598 orabat
1665 1566 1859 1607 suppliciter,

1085 1623 1267 1653 dilationem
1291 1631 1440 1662 quaerens
1459 1631 1568 1652 amore
1587 1621 1669 1652 beati
1690 1620 1858 1651 Francisci.

1086 1676 1210 1716 Sprevit
1231 1676 1388 1715 superbus
1418 1675 1507 1706 miles
1532 1684 1640 1714 preces
1667 1674 1805 1711 oblatas,
1831 1675 1862 1703 et

1085 1731 1183 1760 sancti
1209 1739 1352 1760 amorem
1372 1729 1469 1760 veluti
1497 1729 1591 1759 inane
1620 1728 1698 1768 quid
1723 1728 1861 1758 inaniter

1085 1784 1262 1823 vilipendit.
1284 1782 1364 1813 Nam
1378 1783 1536 1813 cervicose
1558 1781 1773 1821 respondens:
1793 1780 1861 1811 Tali

1085 1840 1126 1875 te,
1141 1838 1194 1875 ait,
1211 1837 1278 1867 loco
1292 1836 1465 1874 recludam,
1483 1838 1513 1866 et
1527 1835 1581 1866 tali
1604 1835 1766 1866 retrudam
1792 1843 1861 1865 car-

1085 1903 1174 1931 cere,
1197 1893 1282 1933 quod
1306 1902 1363 1923 nec
1387 1891 1587 1929 Franciscus,
1611 1899 1668 1921 nec
1691 1890 1806 1930 aliquis
1831 1892 1861 1922 te

1086 1948 1199 1988 poterit
1212 1947 1377 1987 adjuvare.
1400 1945 1547 1976 'l‘entavit
1565 1944 1650 1984 quod
1672 1943 1762 1974 dixit.
1788 1943 1861 1974 Car-

1085 2011 1189 2032 eerem
1216 2001 1380 2032 adinvenit
1403 2001 1594 2037 obscurum,
1620 1999 1653 2028 in
1672 2007 1734 2038 quo
1756 1997 1861 2028 homi—

1086 2065 1159 2086 nem
1174 2055 1372 2086 vinculatum
1390 2054 1535 2093 conjecit.
1559 2052 1658 2083 Paulo
1672 2053 1742 2092 post
1761 2050 1860 2082 adfuit

1085 2109 1195 2139 beatus
1210 2107 1405 2145 Franciscus,
1420 2110 1449 2137 et
1465 2106 1623 2136 contracto
1639 2113 1773 2142 carcere,
1786 2114 1860 2145 rup-

1086 2163 1188 2201 tisque
1211 2161 1434 2200 compedibuS,
1461 2159 1598 2189 illzesum
1619 2159 1783 2188 hominem
1808 2167 1856 2189 re-

1086 2216 1177 2246 duxit.
1191 2215 1228 2245 ad
1245 2215 1382 2254 propria.
1400 2214 1450 2244 Sic
1466 2213 1616 2243 fortitudo
1631 2212 1788 2243 Francisci
1803 2213 1859 2243 mi-

1085 2269 1173 2299 litem
1194 2269 1333 2308 praedata
1353 2267 1542 2307 superbum,
1565 2266 1739 2306 captivum,
1756 2266 1858 2305 quise

1086 2323 1144 2353 sibi
1156 2323 1342 2362 subJecerat,
1355 2322 1503 2352 liberavit
1516 2331 1535 2351 a
1550 2320 1646 2358 malo,
1661 2320 1857 2359 militemque

1086 2378 1273 2416 protervum
1289 2375 1474 2406 admirando
1489 2373 1643 2404 miraculo
1663 2373 1696 2403 in
1713 2382 1858 2404 mansue-

1085 2430 1228 2459 tudinem
1244 2429 1462 2459 commutavit.

1126 2482 1275 2512 Albertus
1298 2482 1335 2512 de
1351 2482 1458 2512 Aretio
1478 2490 1551 2511 cum
1568 2481 1600 2510 in
1620 2479 1754 2510 vinculis
1776 2481 1857 2510 atro-

1086 2536 1218 2567 cissimis
1242 2538 1402 2566 teneretur
1422 2544 1479 2575 pro
1494 2534 1607 2565 debitis
1627 2534 1742 2572 injuste
1764 2533 1804 2562 ab
1819 2542 1856 2563 eo

1085 2590 1200 2630 petitis,
1220 2599 1310 2620 suam
1330 2589 1541 2620 innocentiam
1559 2589 1666 2618 saneto
1692 2586 1856 2618 Francisco

1085 2643 1249 2674 humiliter
1277 2642 1522 2673 commendavit.
1554 2641 1703 2671 Ordinem
1725 2640 1856 2680 quidem

1087 2696 1234 2727 Fratrum
1256 2696 1413 2726 Minorum
1433 2695 1608 2734 plurimum
1635 2694 1802 2732 diligebat,
1825 2696 1856 2724 et
