2029 3052
165 932 229 950 Auno

481 398 554 439 AD
592 397 860 438 ABBATEM
896 396 1093 436 BEATAE
1130 397 1321 438 MARIAE
1357 399 1669 441 BLESENSIS

853 500 1299 570 EPISTOLA¹

513 798 702 833 Confirmat
715 797 896 833 cessionem
910 797 975 844 ipsi
987 797 1108 832 factam
1122 808 1143 832 a
1155 796 1254 833 Petro
1267 798 1418 834 ministro
1431 799 1639 845 provinciali.

304 907 489 941 Venerabili
500 909 533 940 et
546 907 698 948 religioso
712 907 784 940 viro
797 906 930 939 domino
943 907 1052 940 abbati

146 962 204 981 ¹²⁷³·
219 962 251 982 Ε*
266 965 386 995 sanetae
399 962 509 995 Mariae
524 963 564 995 de
578 964 689 1003 Burgo
704 962 810 994 medio
825 961 985 994 Wesensis
997 971 1051 994 or-

150 992 245 1013 cartario

157 1023 237 1050 Burgi-

158 1056 232 1077 medii.

266 1016 351 1049 dinis
362 1017 462 1049 sancti
478 1017 670 1057 Augustini,
687 1016 875 1058 caeterisque
889 1016 1051 1049 canonicis

266 1073 446 1103 conventus
460 1071 616 1111 ejusdem,
638 1072 736 1103 frater
759 1070 986 1103 Bonaventura
1000 1079 1052 1102 or-

266 1125 350 1157 dinis
371 1126 508 1157 fratrum
530 1126 695 1158 minorum
723 1125 886 1166 generalis
904 1124 1050 1157 minister

266 1181 298 1211 et
311 1188 436 1219 servus,
447 1180 583 1212 salutem
599 1182 630 1212 et
644 1189 754 1221 pacem
770 1179 804 1210 in
816 1178 953 1211 Domino
963 1188 1047 1211 sem-

265 1234 436 1275 piternam.

310 1288 467 1320 Desiderio
478 1288 581 1320 multo
594 1288 784 1327 desideravi,
796 1290 894 1329 atque
904 1287 1050 1320 desidero

266 1343 351 1384 quod
374 1343 481 1375 omnis
509 1343 704 1376 turbationis
733 1344 870 1374 materia
881 1366 889 1381 ‚
920 1344 1051 1383 propter

266 1407 365 1439 quam
386 1398 426 1429 de
451 1397 605 1430 fratribus
627 1397 745 1430 nostris
766 1396 970 1428 Blesensibus
988 1396 1050 1428 visi

266 1452 341 1484 estis
356 1452 510 1484 hactenus
524 1453 691 1494 conqueri,
705 1452 744 1484 de
759 1452 876 1489 medio,
891 1453 1050 1492 quantum

268 1506 366 1547 possit
379 1506 557 1539 secundum
580 1507 679 1539 Deum
696 1507 779 1545 fleri,
800 1506 977 1544 tolleretur,
999 1515 1048 1537 es-

266 1563 402 1601 sentque
415 1561 506 1592 vobis
527 1562 641 1593 fratres
656 1561 797 1602 praedicti
820 1559 1048 1600 subjectibiles‚

266 1618 425 1655 quantum
440 1616 541 1654 «lecet,
557 1616 645 1647 omni
660 1615 854 1653 humilitate,
867 1615 949 1646 sicut
959 1615 1047 1652 olim,

266 1669 450 1700 amicabiles
465 1672 496 1701 et
510 1670 617 1701 devoti
635 1681 642 1701 ε
664 1672 698 1700 ut
718 1671 762 1700 sic
779 1669 900 1700 illibata
917 1669 1050 1700 omnino

266 1724 405 1755 fraterna
422 1726 519 1755 staret
535 1724 617 1756 inter
631 1734 689 1756 vos
712 1727 741 1755 ct
762 1724 831 1755 illos
852 1724 1002 1761 charitas,
1019 1725 1050 1755 et

267 1778 320 1810 illa
342 1778 464 1810 ClnusTi
491 1789 554 1820 pax
578 1790 652 1820 qna}
674 1782 803 1820 superat
825 1788 955 1810 omnem
975 1788 1048 1809 sen-

267 1842 350 1864 sum.
380 1833 518 1874 Cupiens
546 1834 649 1874 igitur
673 1836 705 1865 et
728 1834 841 1865 volens
871 1833 900 1864 id
928 1833 1048 1871 facere,

266 1888 371 1929 quoad
397 1897 539 1929 possum,
565 1888 803 1919 concessionem
826 1888 914 1919 illam
937 1887 1049 1919 domo-

266 1952 353 1980 rum,
372 1951 519 1974 arearum
530 1944 562 1973 ct
577 1941 766 1983 platearum,
780 1951 836 1973 seu
852 1951 962 1973 rerum
975 1950 1051 1982 qua-

267 1998 419 2029 rumlibet
427 1997 577 2036 aliarum,
585 2007 666 2038 quas
676 1997 715 2037 (a)
723 1997 819 2029 frater
829 1997 942 2029 Petrus
949 1997 1050 2028 nostri

266 2051 388 2083 ordinis
399 2051 545 2083 minister
559 2051 766 2092 provincialis
777 2051 810 2081 in
824 2050 965 2082 Turonia
976 2059 1050 2081 cum

267 2106 464 2147 beneplacito
489 2109 520 2137 et
543 2115 675 2137 assensu
701 2106 837 2137 fratrum
863 2107 1050 2136 nostrorum

299 2182 304 2196 ¹
321 2180 363 2211 Cf.
378 2180 445 2205 Thes.
455 2180 567 2205 anecdot.
584 2181 698 2205 Murteuc
710 2183 735 2205 ct
746 2181 859 2212 Durand,
871 2182 934 2204 tom.
948 2181 966 2211 l,
980 2180 1050 2204 Paris

269 2217 338 2247 ¹7¹7,
350 2216 490 2241 miscellan.
505 2217 588 2248 Epist.
602 2219 627 2241 ct
639 2217 760 2248 Duplam„
777 2217 826 2241 cul.
844 2218 917 2247 ¹13&
934 2217 1049 2241 edit.Vc-

268 2254 311 2276 net
335 2260 376 2277 an.
395 2254 466 2284 1754,
479 2256 542 2279 tom.
558 2254 591 2284 V,
608 2261 668 2286 pag.
684 2255 739 2278 773.

1106 910 1285 941 conventus
1299 907 1456 941 Blesensis
1470 908 1563 941 vobis
1577 908 1676 941 libere
1689 908 1773 948 tecit,
1790 911 1888 951 prout

1106 963 1276 996 manifeste
1291 965 1424 1005 apparet
1434 963 1470 995 in
1484 963 1596 995 litteris
1610 963 1735 1004 praefati
1749 962 1887 995 ministri

1105 1016 1321 1057 provincialis,
1346 1025 1533 1058 expressam
1551 1017 1591 1049 de
1612 1017 1651 1049 iis
1674 1017 1826 1049 omnihus
1839 1017 1886 1049 sa-

1105 1070 1264 1103 cientibus
1278 1071 1475 1104 mentionem
1484 1095 1494 1111 ,
1508 1071 1652 1113 approbo
1666 1073 1698 1104 et
1718 1071 1886 1111 confirmo,

1105 1127 1136 1156 et
1147 1125 1299 1166 praedicta
1314 1125 1422 1158 omnia
1436 1135 1511 1167 quae
1527 1125 1677 1158 dominus
1691 1134 1798 1158 comes
1814 1124 1886 1158 Ble-

1105 1181 1222 1220 sensis,
1251 1190 1309 1213 seu
1332 1181 1469 1223 quisque
1492 1181 1576 1214 alius
1597 1181 1730 1213 nomine
1749 1180 1887 1214 eleemo-

1105 1245 1196 1278 synae
1214 1236 1367 1269 fratribus
1388 1236 1522 1269 contulit
1543 1236 1742 1276 memoratis,
1762 1235 1837 1268 volo
1857 1237 1890 1268 et

1105 1291 1243 1324 decerno
1270 1291 1356 1333 quod
1384 1291 1529 1324 habeatis
1554 1293 1586 1324 et
1610 1291 1707 1324 libere
1733 1290 1886 1330 teneatis,

1105 1346 1261 1387 vobisque
1283 1355 1392 1378 assero
1416 1346 1503 1388 quod
1523 1355 1582 1378 nec
1601 1355 1664 1387 ego
1685 1355 1743 1388 per
1766 1355 1818 1378 me
1840 1346 1886 1377 fa-

1105 1400 1200 1440 ciam,
1216 1409 1275 1432 nec
1296 1409 1353 1442 per
1376 1401 1490 1432 fratres
1512 1402 1640 1433 nostros
1657 1400 1795 1432 scienter
1817 1399 1888 1432 fleri

1105 1456 1289 1496 permittam
1303 1455 1426 1497 aliquid
1437 1458 1548 1488 contra
1561 1455 1795 1488 concessionem
1809 1463 1889 1496 prae-

1105 1510 1233 1550 dictam,
1246 1513 1301 1542 aut
1312 1519 1368 1552 per
1382 1510 1469 1551 quod
1481 1510 1640 1542 dictarum
1653 1509 1692 1551 (b)
1705 1509 1787 1541 sacta
1796 1509 1889 1541 vobis

1105 1565 1266 1597 concessio
1291 1565 1440 1597 videatur
1461 1564 1702 1606 quomodolibet
1727 1563 1886 1604 impediri,

1105 1622 1136 1651 et
1150 1622 1185 1651 ut
1200 1619 1332 1651 teneatis
1353 1621 1384 1651 et
1406 1618 1626 1650 indubitanter
1650 1617 1785 1649 credatis
1803 1616 1887 1658 quod

1105 1683 1163 1705 vos
1182 1676 1336 1715 tanquam
1362 1676 1480 1714 patres,
1504 1673 1538 1704 in
1563 1672 1693 1704 Cnmsro
1716 1671 1835 1703 amicos
1857 1673 1889 1703 et

1106 1729 1265 1766 dominos,
1283 1728 1363 1759 sicut
1384 1728 1484 1767 decet,
1501 1727 1618 1759 habere
1634 1726 1841 1765 intendimus,
1857 1728 1889 1757 et.

1105 1783 1356 1824 pacificationem
1377 1784 1564 1823 perpetuam
1581 1781 1748 1813 vobiscum
1762 1780 1886 1812 deside-

1105 1847 1229 1876 ramuS,
1251 1846 1381 1869 omnem
1404 1835 1674 1868 assecurationem
1699 1843 1798 1876 quam
1820 1843 1889 1875 pos-

1105 1901 1178 1923 sum
1202 1901 1243 1923 ex
1267 1893 1356 1932 parte
1383 1899 1455 1922 mea
1477 1892 1508 1921 et
1531 1890 1667 1921 fratrum
1692 1889 1773 1920 facio
1796 1888 1888 1920 vobis

1106 1946 1295 1978 auctoritate
1306 1945 1515 1986 praesentium
1526 1952 1622 1985 super
1636 1942 1787 1975 omnibus
1796 1952 1888 1983 supe-

1108 2000 1175 2032 rius
1189 1999 1385 2031 memoratis.

1148 2054 1262 2085 Datum
1284 2053 1425 2085 Parisius
1442 2052 1479 2092 (c)
1504 2060 1562 2083 xm
1578 2050 1732 2083 Calendas
1746 2049 1864 2091 Aprilis
1875 2074 1883 2089 ,

1106 2118 1191 2140 anno
1207 2107 1331 2140 Domini
1347 2115 1516 2139 nemu.

1107 2254 1124 2277 P
1139 2216 1254 2257 (vuteq.
1277 2223 1364 2248 quam.
1389 2229 1418 2234 —
1444 2215 1476 2247 (b)
1498 2214 1587 2247 Snppl.
1611 2220 1707 2239 remm-
1725 2226 1756 2232 —
1775 2213 1804 2244 (c)
1828 2213 1884 2244 leq.

1127 2260 1218 2277 ansus.

2020 2542 2029 2787 σηι-κῌ---.Λ
2027 2487 2029 2491 Δ
