2029 3052
273 197 334 228 464

273 262 351 294 Haec
379 261 608 301 Hieronymus.
638 258 673 290 Si
704 257 806 298 igitur
833 257 904 290 haec
930 258 1048 297 vidua,

270 317 368 357 juxta
381 313 602 347 testimonium
616 311 755 350 Domini,
771 313 875 343 totum
888 311 993 343 dando
1005 313 1052 344 ni-

272 371 319 403 hil
343 370 404 402 sibi
417 368 604 407 reservavit,
630 367 665 398 in
687 368 830 398 extrema
854 375 887 397 se
907 366 1051 398 nuditate

273 424 446 456 constituit.
464 423 514 454 Ad
533 422 616 453 hauc
631 420 808 452 nuditatem
823 419 983 460 aspirabat
997 420 1052 451 illa

273 478 391 510 nobilis
403 476 502 509 vidua
514 475 622 514 Paula,
640 474 679 505 de
700 483 765 514 qua
787 472 1003 514 Hieronymus
1016 473 1051 504 in

274 531 404 562 laudem
416 529 518 570 ipsius
533 529 542 546 ¹
560 539 567 559 :
589 539 603 558 α
617 527 682 559 Hoc
696 526 809 558 habuit
823 526 901 566 voti,
917 528 954 558 ut
965 535 1052 557 men·

274 584 383 616 dicans
405 583 476 623 ipsa
494 583 686 619 moreretur,
708 582 740 612 et
760 589 862 612 unum
878 588 1051 611 nummum

273 646 340 670 non
354 636 527 669 dimitteret
545 635 632 674 filiae,
648 637 679 666 et
693 634 727 666 in
740 634 852 666 funere
866 642 926 665 suo
948 633 1052 664 aliena

273 693 407 725 sindone
439 692 671 724 involveretur.
697 702 712 720 n
745 690 896 730 Ejusdem
923 698 1052 730 quoque

272 747 398 778 felicem
417 745 598 778 describens
617 745 752 783 obitum,
764 744 846 775 ait²z
867 743 990 774 «Testis
1004 744 1052 775 est

271 800 376 839 JesuS,
395 809 436 831 ne
459 808 563 831 unum
592 798 722 839 quidem
746 805 918 828 nummum
943 797 983 827 ab
1013 805 1050 827 ea

272 854 471 887 derelictum.
482 853 565 892 Quid
577 853 638 884 hac
654 853 774 884 virtute
789 851 978 890 mirabilius,
995 851 1050 882 soe-

271 909 393 940 minam
413 907 618 939 nobilissimae
640 906 781 945 familiae,
805 905 932 945 magnis
947 914 1049 945 quon-

271 962 348 994 dam
365 962 496 1003 opibus,
519 963 607 992 tanta
627 960 688 992 fide
711 959 820 991 omnia
839 959 891 991 vel
913 958 1050 998 dilargi-

271 1018 350 1055 tam,
366 1018 403 1047 ut
420 1015 460 1047 ad
483 1016 658 1055 egestatem
678 1013 827 1044 ultimam
842 1013 1048 1054 perveniret?

270 1069 393 1101 Jactent
416 1069 469 1100 alii
490 1068 642 1110 pecunias
665 1068 699 1098 in
723 1067 910 1105 corbonam,
931 1066 1048 1097 funali-

273 1124 397 1164 busque
421 1123 526 1155 aureis
545 1123 628 1154 dona
648 1122 832 1162 pendentia;
855 1129 950 1152 nemo
978 1121 1050 1161 plus

272 1177 359 1210 dedit
374 1177 585 1217 pauperibus,
603 1185 700 1216 quam
716 1175 771 1215 qui
795 1175 853 1205 sibi
876 1174 956 1205 nillil
978 1174 1050 1205 reli-

271 1231 379 1272 quit.»
394 1231 469 1262 naec
481 1230 709 1270 Hieronymus.
726 1228 786 1266 Qui
801 1228 840 1259 ad
856 1228 938 1259 hanc
952 1228 1046 1259 nudi-

271 1288 382 1324 tatem,
398 1288 550 1325 tanquam
565 1293 689 1315 summe
705 1283 888 1323 perfectam,
903 1282 1050 1313 hortatur

272 1339 438 1371 Hedibiam
450 1339 482 1369 in
495 1338 640 1378 epistola,
651 1346 746 1377 quam
757 1336 795 1367 ad
810 1345 880 1366 eam
895 1336 1047 1373 scribens,

269 1394 315 1425 'ait
329 1394 340 1411 ³
357 1404 364 1424 :
385 1392 463 1424 «Vis
477 1401 546 1423 esse
563 1391 708 1431 perfecta,
730 1392 760 1421 et
784 1390 816 1420 iu
840 1389 944 1429 primo
965 1392 1049 1421 stare

271 1447 399 1486 fastigio
423 1445 600 1485 dignitatiS,
624 1444 671 1474 fac
693 1443 781 1484 quod
804 1444 945 1474 fecerunt
960 1443 1049 1483 Apo-

270 1501 353 1533 stoli.
370 1500 477 1532 Vende
493 1499 601 1531 omnia
615 1507 687 1538 quae
707 1498 815 1535 habes,
831 1500 861 1528 et
875 1498 914 1528 da
929 1507 1047 1537 paupe-

271 1555 372 1592 ribus,
389 1557 420 1585 et
435 1562 567 1594 sequere
582 1552 792 1590 Salvatorem,
815 1554 845 1582 et
860 1552 981 1582 nudam
1001 1561 1048 1582 so-

270 1609 398 1649 lamque
414 1616 542 1639 crucem
558 1607 645 1638 nuda
661 1606 815 1646 sequaris,
832 1607 863 1636 et
878 1606 955 1636 sola.
971 1617 985 1633 »
1013 1605 1049 1636 In

271 1663 321 1694 his
346 1661 542 1693 manifestius
561 1660 684 1697 asserit,
709 1660 794 1699 quod
819 1669 855 1690 ea
881 1662 1049 1699 paupertas

271 1717 310 1747 ad
334 1715 534 1756 perfectionis
551 1714 682 1753 attingit
701 1712 882 1752 fastigium,
899 1722 963 1752 qua
978 1714 1049 1752 quis

271 1769 454 1810 expressius
476 1770 507 1799 et
529 1768 724 1798 conformius
749 1766 928 1797 nuditatem
945 1767 1049 1797 crucis

271 1822 485 1863 amplectitur,
503 1823 532 1851 et
548 1821 671 1851 nudum
687 1820 880 1851 Crucifixum
892 1819 1045 1850 imitatur.

272 1877 353 1908 Illud
378 1879 485 1907 autem
506 1875 649 1915 Gregorii
668 1875 802 1905 verbum
819 1874 840 1912 Β,
862 1874 949 1914 quod
974 1874 1050 1905 dicit

271 1941 402 1963 censum
418 1941 482 1962 uon
500 1940 566 1962 esse
583 1930 615 1960 in
629 1930 733 1969 culpa,
748 1929 802 1960 sed
818 1929 978 1965 affectum,
996 1938 1049 1960 ne·

272 1995 435 2026 quaquam
449 1987 496 2015 est
512 1984 685 2024 praemissis
700 1984 909 2021 contrarium,
927 1984 951 2013 si
966 1986 1049 2014 recte

271 2039 481 2077 intelligatur.
499 2037 531 2068 Si
547 2037 620 2077 quis
634 2037 718 2067 enim
736 2037 794 2067 hoc
820 2037 944 2074 sentiat,
963 2037 1048 2077 quod

271 2101 385 2123 census
402 2092 434 2122 in
449 2091 543 2131 culpa
558 2091 598 2121 sit
612 2090 779 2121 causaliter
795 2090 845 2120 vel
862 2090 1046 2129 tormaliter,

271 2155 345 2177 cum
370 2145 545 2176 Manichfeo
560 2146 654 2182 errat,
672 2146 702 2175 et
725 2144 784 2174 hoc
807 2144 981 2183 Gregorius
998 2153 1049 2174 re-

270 2200 393 2239 probat.
429 2198 460 2229 Si
494 2198 567 2238 quis
597 2200 705 2228 autem
730 2197 887 2236 intelligat
918 2207 1047 2227 censum

270 2262 337 2283 esse
353 2252 455 2292 culpa:
479 2252 687 2289 occasionem,
703 2260 720 2281 a
736 2251 892 2281 sententia
908 2251 1048 2281 veritatis

270 2316 333 2337 non
362 2305 482 2343 deviat,
510 2314 584 2335 cum
612 2307 642 2335 et
670 2305 737 2345 ipsa
763 2305 879 2335 veritas
908 2305 989 2336 dicat
1016 2305 1048 2336 in

270 2360 397 2391 Marco⁵
415 2370 421 2390 :
452 2359 556 2398 Quam
578 2359 617 2397 (α)
639 2358 787 2398 difficile,
816 2360 874 2398 qui
893 2360 1048 2399 pecunias

270 2414 407 2451 habent,
434 2414 471 2445 in
494 2420 626 2451 reanum
655 2413 716 2443 Dee?
737 2412 1047 2444 introz‘bmztllx'ullo

270 2468 355 2499 enim
371 2466 466 2497 modo
482 2465 616 2506 pecunia
632 2465 895 2505 impedimentum
912 2466 1046 2497 difficul-

302 2550 308 2565 ¹
327 2549 442 2575 Hieron..
458 2547 492 2570 ml
508 2546 633 2575 [ἰτὼ-(σῶμ,
649 2546 722 2577 epist.
738 2553 818 2576 xxvii,
832 2548 878 2571 col.
897 2555 930 2571 m.
950 2549 1003 2571 220.
1020 2561 1045 2564 —

271 2585 278 2599 ²
299 2585 374 2615 limi„
395 2584 445 2607 col.
464 2586 518 2607 2:19.
534 2596 563 2600 -
583 2582 654 2611 3Ιι1.,
675 2582 708 2605 (nl
728 2582 827 2612 11¹·1l1l).,
848 2583 920 2613 epist.
937 2590 980 2613 CL,
998 2583 1046 2607 col.

270 2627 305 2644 m.
325 2622 379 2644 224.
398 2632 427 2637 —-
441 2619 451 2635 '⁹
468 2621 556 2649 Greg„
573 2617 674 2647 Merui„
690 2617 733 2641 lib.
750 2618 782 2647 X,
800 2625 822 2642 c.
843 2625 909 2649 xm,
928 2619 960 2642 al.
982 2625 1046 2650 xvu,

270 2664 297 2680 n.
319 2658 357 2679 452.
373 2668 402 2673 -
422 2655 432 2672 Β
454 2655 543 2684 Marc„
567 2660 598 2683 x,
623 2654 662 2676 93.
685 2666 710 2670 —-
735 2654 743 2666 ὓ
763 2654 893 2684 Andiros.y
915 2654 944 2677 [In
966 2655 1045 2685 Offi‘5„

270 2692 314 2716 lib.
337 2692 367 2722 lt,
387 2698 413 2715 u.
434 2692 487 2714 132.
503 2703 533 2708 —
552 2690 559 2703 ⁷
582 2690 634 2713 imo
656 2689 779 2720 Gauii-ld.,
800 2689 829 2713 tle
845 2690 934 2721 colloq.
950 2691 1044 2715 Simon.

849 189 1060 223 APOLOGlAE
1081 189 1301 224 PAUPERUM
1324 213 1326 215 >

1108 259 1192 298 tatis,
1208 259 1264 291 Dei
1281 267 1422 300 regnum
1445 259 1566 292 intrare
1587 259 1781 299 volentibus,
1795 269 1880 302 prae—

1106 314 1179 351 stat,
1200 313 1262 344 nisi
1282 313 1359 354 quia
1376 314 1429 345 vel
1448 315 1497 345 est
1519 313 1640 346 occasio
1667 313 1882 346 inclinationis

1107 367 1146 398 ad
1161 367 1294 405 malum,
1311 367 1363 398 vel
1375 367 1616 399 distractionisa
1629 367 1724 400 hono.
1739 367 1806 399 Hoc
1813 376 1883 399 san-

1106 422 1230 452 ctorum
1251 421 1443 452 testimoniis
1463 421 1546 453 clare
1567 423 1774 453 monstratur.
1792 420 1883 459 Quod

1107 474 1193 505 enim
1214 473 1333 505 divitiae
1352 475 1545 507 habentibus
1564 475 1660 516 ipsae,
1685 475 1807 507 occasio
1821 474 1884 506 sint

1107 527 1298 568 cupiditatis,
1318 528 1353 559 in
1365 528 1447 560 libro
1461 529 1501 562 de
1516 529 1643 570 Officiis
1657 529 1732 561 dicit
1747 528 1883 560 Ambro-

1107 581 1175 612 sius
1191 580 1202 598 ⁸
1217 593 1225 612 ι
1247 593 1261 612 α
1273 581 1401 622 Feralis,
1419 593 1434 612 »
1454 582 1569 624 inquit,
1591 595 1607 613 «
1621 582 1767 622 avaritia,
1783 582 1884 614 illece-

1107 634 1202 666 brosa
1224 636 1371 676 pecunia,
1399 645 1473 678 quae
1493 637 1647 669 habentes
1669 636 1882 675 contaminat,

1107 697 1172 720 non
1186 689 1340 721 habentes
1355 699 1421 722 non
1429 691 1534 731 juvat.
1551 690 1626 722 Esto
1641 693 1760 729 tamen,
1776 691 1813 722 ut
1825 689 1883 721 ali-

1106 743 1340 784 quandojuvet
1355 744 1490 785 pecunia
1512 744 1708 784 inferiorem,
1734 749 1766 776 et
1778 743 1883 784 ipsam

1106 796 1356 836 desiderantem;
1373 798 1450 838 quid
1471 798 1511 829 ad
1532 798 1622 837 alios,
1647 798 1673 829 si
1697 797 1737 829 sit
1757 796 1810 828 ille
1830 805 1884 828 eo-

1106 850 1225 890 piosior
1245 852 1300 892 qui
1316 851 1439 883 habet?
1459 851 1624 892 Numquid
1644 851 1761 883 idcirco
1781 851 1884 882 hone-

1105 904 1194 944 stior,
1217 905 1294 945 quia
1316 905 1412 936 habet
1433 914 1498 946 quo
1521 905 1712 945 plerumque
1733 904 1883 946 honestas

1105 958 1286 989 amittitur?
1306 969 1322 988 1>
1355 958 1411 990 Cui
1438 958 1620 990 Bernardus
1647 958 1818 990 concordat
1843 958 1882 989 de

1105 1011 1262 1052 colloquio
1276 1011 1415 1043 Simonis
1428 1013 1459 1043 et
1472 1011 1565 1043 Jesu⁷
1575 1022 1581 1042 :
1593 1023 1608 1041 a
1623 1011 1699 1043 Haec
1713 1011 1882 1051 fugienda-

1105 1074 1180 1096 rum
1203 1065 1388 1097 divitiarum
1408 1065 1568 1106 praecipue
1593 1074 1688 1096 causa
1714 1067 1783 1104 est,
1806 1065 1883 1106 quia

1106 1119 1162 1150 vix
1177 1121 1234 1150 aut
1248 1128 1414 1160 nunquam
1434 1119 1503 1150 sine
1517 1128 1626 1150 amore
1638 1118 1765 1151 valeant
1779 1118 1883 1159 possi—

1105 1172 1183 1204 deri.
1203 1172 1330 1204 Limosa
1355 1172 1513 1213 siquidem
1532 1174 1564 1204 et
1587 1172 1748 1212 glutinosa
1765 1172 1881 1211 nimis,

1105 1236 1170 1258 non
1185 1226 1384 1258 solummodo
1406 1227 1556 1265 exterior,
1582 1235 1695 1258 verum
1722 1226 1819 1257 eliam
1833 1226 1882 1257 in-

1105 1281 1202 1311 terior
1216 1283 1324 1312 nostra
1338 1281 1513 1311 substantia
1526 1281 1662 1318 videtur,
1679 1282 1710 1312 et
1725 1280 1814 1311 facile
1828 1289 1883 1312 eor

1106 1334 1285 1366 humanum
1305 1335 1466 1372 omnibus,
1483 1344 1556 1375 quae
1572 1335 1760 1375 frequentat,
1776 1334 1882 1365 adhae-

1104 1391 1163 1420 ret.
1180 1400 1195 1418 ι)
1227 1389 1282 1420 His
1310 1391 1462 1420 consonat
1489 1388 1692 1428 Augustinus
1718 1388 1825 1420 dicens
1843 1389 1879 1419 ⁸:

1109 1455 1124 1472 (ι
1140 1442 1209 1474 Non
1223 1445 1299 1474 sunt
1314 1443 1382 1474 istae
1396 1452 1480 1474 verae
1495 1442 1627 1480 divitiae,
1651 1442 1706 1473 sed
1729 1442 1882 1473 mendici-

1106 1499 1162 1536 tas,
1179 1497 1254 1537 quia
1270 1499 1389 1537 quanto
1402 1497 1509 1537 magis
1521 1497 1694 1535 abundant,
1712 1498 1800 1527 tanto
1815 1505 1881 1528 ma-

1105 1552 1156 1591 gis
1179 1552 1289 1583 crescit
1312 1552 1418 1592 inopia
1441 1551 1597 1582 avaritiae.
1614 1550 1684 1582 Non
1699 1552 1775 1582 sunt
1793 1559 1880 1583 verae

1104 1605 1240 1643 divitiae,
1263 1615 1335 1646 qua¹
1364 1605 1435 1645 plus
1450 1607 1571 1645 augent
1599 1604 1803 1644 cupiditatem
1832 1604 1877 1643 ei,

1104 1660 1158 1699 qui
1175 1668 1227 1689 eas
1242 1659 1388 1699 possidet.
1407 1670 1422 1687 ι)
1441 1659 1530 1696 Quod
1551 1661 1658 1689 autem
1674 1658 1737 1688 sint
1759 1658 1880 1689 occasio

1105 1713 1254 1743 vanitatis
1269 1714 1299 1743 et
1315 1712 1485 1752 superbiae,
1500 1712 1701 1751 Augustinus
1718 1711 1756 1743 de
1771 1713 1880 1751 Lapsu

1103 1766 1220 1798 mundi
1231 1768 1241 1784 ⁹
1260 1776 1266 1797 :
1287 1778 1301 1794 «
1314 1765 1347 1796 In
1360 1766 1477 1796 divitiis
1490 1765 1534 1796 nil
1550 1767 1613 1796 tam
1631 1764 1809 1796 cavendum
1819 1766 1877 1802 est,

1103 1829 1201 1859 quam
1217 1819 1375 1859 superbiae
1388 1819 1529 1850 morbus.
1543 1819 1602 1856 Qui
1614 1818 1701 1849 enim
1711 1827 1776 1850 non
1785 1818 1880 1849 habet

1103 1873 1240 1911 divitias,
1267 1883 1331 1905 non
1348 1873 1444 1904 habet
1463 1872 1675 1912 amplissimas
1696 1871 1879 1911 facultates,

1103 1936 1169 1958 non
1183 1927 1278 1958 habet
1294 1927 1378 1957 unde
1394 1936 1426 1957 se
1441 1926 1606 1957 extollat.»
1627 1925 1712 1957 idem
1727 1925 1765 1958 de
1775 1925 1879 1958 verbis

1103 1984 1234 2016 Domini
1243 1984 1281 2014 ²⁰:
1297 1983 1402 2015 «Nihil
1413 1985 1459 2013 est
1473 1982 1558 2022 quod
1574 1982 1617 2013 sic
1633 1984 1787 2021 generent
1802 1981 1879 2013 divi—

1102 2038 1166 2076 tiae,
1193 2037 1352 2078 quomodo
1377 2037 1559 2076 superbiam
1575 2046 1582 2066 :
1601 2045 1696 2067 omne
1715 2044 1855 2075 granum
1867 2059 1876 2073 ‚

1103 2101 1197 2123 omne
1219 2100 1353 2130 germen
1365 2090 1463 2121 habet
1477 2098 1619 2120 vermem
1631 2098 1737 2120 suum.
1754 2088 1878 2120 Vermis

1103 2145 1288 2176 divitiarum
1313 2144 1463 2184 superbia
1489 2146 1546 2174 est.
1569 2154 1584 2171 2)
1604 2142 1692 2180 Quod
1715 2151 1792 2174 vero
1816 2143 1878 2173 sint

1102 2198 1223 2229 occasio
1235 2198 1458 2236 distractionis,
1472 2197 1637 2228 manifeste
1652 2197 1793 2228 insinuat
1805 2196 1877 2228 Gre-

1103 2253 1216 2292 gorius
1229 2253 1310 2283 libro
1324 2253 1427 2292 primo
1439 2251 1635 2284 Moralium¹¹
1647 2261 1657 2282 .·
1671 2251 1791 2288 «Solet,
1805 2261 1818 2279 υ
1833 2251 1877 2281 ἰη-

1102 2307 1183 2346 quit,
1205 2318 1219 2334 «
1232 2315 1340 2337 rerum
1355 2305 1548 2336 abundantia
1562 2307 1648 2336 tanto
1662 2314 1681 2336 a
1695 2305 1809 2336 timore
1828 2304 1874 2335 di-

1102 2360 1177 2391 vino
1200 2362 1339 2390 mentem
1365 2359 1502 2397 solvere,
1527 2361 1646 2398 quanto
1673 2358 1755 2389 hanc
1777 2357 1877 2397 exigit

1103 2414 1228 2444 diversa
1239 2413 1392 2453 cogitare.
1409 2412 1487 2443 Nam
1504 2412 1581 2443 dum
1606 2412 1681 2442 foris
1702 2420 1758 2452 per
1776 2410 1876 2442 multa

1103 2467 1278 2507 spargitur,
1294 2470 1376 2497 stare
1387 2467 1420 2497 in
1432 2466 1552 2497 intimis
1570 2466 1635 2496 fixa
1649 2465 1871 2505 prohibetur.»

1104 2520 1188 2551 Idem
1203 2521 1234 2550 in
1260 2520 1391 2551 homilia
1410 2528 1505 2559 super
1520 2519 1597 2550 illud
1620 2518 1714 2549 Lucae
1728 2521 1739 2537 ²
1756 2526 1764 2548 ε
1779 2518 1875 2550 Exiit

1101 2614 1155 2629 cum
1171 2606 1240 2637 Jesu,
1254 2613 1280 2630 u.
1296 2608 1320 2630 2.
1331 2619 1362 2623 -
1377 2606 1387 2622 ⁸
1399 2607 1463 2635 Aug.
1479 2618 1508 2622 —
1523 2605 1532 2619 ⁹
1547 2604 1582 2628 ld.
1593 2616 1624 2620 —-
1639 2604 1746 2627 ιοΙι].--
1759 2604 1873 2635 ¹¹Greg.,

1102 2642 1194 2666 Mor-al.
1210 2655 1239 2660 —
1256 2642 1272 2656 '²
1289 2642 1336 2672 ld.,
1350 2642 1375 2665 ιἰι
1391 2641 1495 2672 Ευαη9.,
1511 2640 1582 2664 hom.
1597 2645 1640 2669 xv,
1656 2646 1681 2664 u.
1699 2642 1720 2664 ¹.

1135 2693 1166 2722 (a)
1187 2692 1249 2716 Cret.
1268 2692 1327 2716 edit.
1346 2692 1416 2722 Quia.
