1955 3021
741 363 1043 403 PRAEFATIONIS
1073 365 1182 403 LOCO

536 463 649 485 EXAMEN
669 463 781 485 OPERUM
801 463 864 490 QUAE
883 464 937 485 HOC
958 465 1063 486 ULTJMO
1083 466 1161 487 TOMO
1180 466 1385 489 CONTINENTUR.

180 552 354 579 Nom—Ad
377 553 516 578 Sermones
537 552 569 577 de
590 551 690 578 Sanctis
713 551 738 576 in
758 552 891 577 communi
912 553 982 585 quod
1005 553 1109 586 attinet,
1124 554 1245 587 recollige
1264 555 1333 580 dicta
1353 555 1380 581 in
1399 557 1560 583 antecessum
1581 558 1646 584 tomi
1668 560 1740 591 xlll,

823 593 967 625 praesertim
982 601 1042 626 pag.
1059 600 1105 620 vu.

424 817 440 853 ἓ
461 818 481 845 1.
503 832 538 837 —
558 817 598 845 DE
617 824 730 849 QquUE
748 825 952 846 FESTlvlTATmUS
970 827 1046 846 ruam
1064 820 1135 847 JESU.
1157 819 1325 856 (1³roclr07n„
1345 821 1395 849 eol.
1418 822 1493 858 574.)

185 893 234 925 Ad
243 894 344 935 hujus
353 894 500 935 opusculi
507 894 773 933 testificationem,
786 896 904 935 praeter
913 895 1091 927 Marianum
1104 896 1338 938 Florentinum,
1349 898 1577 939 Trithemium,
1585 899 1766 942 Forestum,

144 952 354 993 Anonymum
364 951 602 992 Pistoriensem,
614 952 809 985 Gulielmum
818 954 1091 995 Eysengrenium,
1101 955 1302 988 Ludovicum
1314 957 1557 998 Gramtensem,
1569 961 1641 1000 etc„
1652 962 1770 1001 praeter

144 1011 298 1043 editiones
317 1011 356 1042 ab
371 1020 456 1042 anno
476 1012 588 1043 saltem
609 1014 700 1050 1486,
721 1016 817 1054 atque
838 1015 1074 1055 manuscriptos
1090 1014 1213 1047 codices
1227 1015 1309 1051 Bibl.
1335 1024 1472 1049 monast.
1497 1018 1678 1059 Pollingani
1693 1019 1768 1052 Ord-

144 1069 220 1101 Can.
237 1069 318 1110 Reg.
333 1069 464 1109 S.Aug.
480 1069 514 1100 in
528 1069 674 1110 Bavaria,
688 1072 718 1102 et
733 1071 814 1104 Bibl.
827 1072 859 1104 S.
873 1072 953 1104 Mar.
969 1072 1154 1105 Gratiarum
1169 1073 1330 1107 Minorum
1346 1075 1479 1108 ObserV.
1495 1078 1580 1118 apud
1591 1077 1767 1118 Mantuam,

142 1130 223 1162 illud
241 1130 338 1162 eliam
358 1130 442 1170 facit,
464 1131 552 1171 quod
573 1131 673 1171 ipsius
695 1133 807 1164 auctor
828 1132 970 1172 praebeat
989 1141 1058 1163 sese
1079 1132 1200 1164 nedum
1220 1135 1520 1176 contemplativum,
1542 1136 1598 1168 sed
1617 1137 1713 1168 etiam
1730 1138 1769 1171 de

142 1190 257 1223 soeculo
272 1190 317 1222 ad
330 1191 432 1222 vitam
447 1190 631 1230 reliqiosam
654 1192 821 1229 vocatum,
845 1200 904 1222 nec
918 1194 1117 1231 quaerentem
1134 1191 1341 1226 Proelatz'onis
1356 1193 1497 1235 laudem,
1512 1196 1567 1227 sed
1590 1196 1654 1229 Dei
1669 1196 1767 1231 hono-

142 1258 218 1286 rem,
234 1251 328 1291 qu'us
343 1251 440 1282 unius
449 1250 568 1282 intuitu
584 1250 654 1283 diei
666 1250 796 1291 pondus
811 1253 840 1282 cc
851 1253 949 1283 cestus
964 1251 1143 1284 sustinebat
1158 1262 1168 1282 :
1182 1253 1332 1293 quodque
1344 1253 1382 1285 de
1397 1255 1606 1295 occupatione
1619 1256 1768 1289 familiari

143 1309 187 1341 ita
201 1310 317 1350 doleat,
333 1311 371 1341 ut
385 1311 494 1341 tamen
506 1310 644 1341 fateatur
658 1318 678 1342 α
693 1310 829 1342 caritate
845 1309 956 1342 dilecti
970 1317 1036 1342 non
1051 1311 1240 1343 recessisse:
1256 1321 1330 1352 quae
1345 1312 1476 1353 quidem
1491 1314 1601 1345 omnia
1616 1315 1652 1347 D.
1667 1315 1769 1348 Bona-

141 1369 290 1401 venturae
312 1368 458 1409 apprime
477 1369 685 1401 conveniunt,
709 1368 1111 1417 Acceffltin,Praefatione
1132 1369 1280 1401 Auctoris
1297 1372 1468 1412 modestia,
1494 1373 1658 1406 simillima
1679 1376 1764 1416 ejus,

141 1436 239 1468 quam
254 1426 482 1459 Bonaventura
495 1429 604 1459 noster
618 1427 651 1458 in
668 1414 1059 1468 suorumOpusculorum
1075 1428 1224 1468 Prologis
1240 1429 1424 1469 significare
1440 1436 1663 1466 consueverat.

182 1486 275 1517 Decet
287 1494 415 1526 quoque
430 1485 595 1526 Seraphici
610 1486 749 1517 Doctoris
768 1486 971 1526 sapientiam,
997 1487 1083 1527 quod
1103 1487 1177 1518 dein
1199 1489 1356 1529 sequitur,
1383 1491 1635 1525 saluberrimum
1657 1495 1765 1526 moni*

140 1547 212 1577 tum
229 1556 236 1577 :
257 1557 272 1575 (ε
286 1544 310 1577 Ο
325 1545 434 1576 anima
449 1545 574 1584 devota,
593 1545 723 1586 quando
738 1545 831 1578 novis
846 1546 1116 1577 illustrationibus
1135 1549 1166 1578 et
1181 1547 1432 1581 revelationibus
1446 1550 1628 1591 illustraris,
1645 1554 1705 1585 etc.
1723 1554 1730 1570 ¹
1744 1565 1759 1583 »

141 1604 220 1636 Item
245 1604 325 1636 illud
350 1615 356 1636 :
379 1616 394 1634 α
418 1604 493 1636 Esto
516 1604 647 1636 domina
667 1613 833 1644 sensuum,
862 1605 1042 1636 carnalium
1064 1606 1415 1648 concupiscentiarum,
1435 1609 1446 1626 ²
1464 1621 1479 1639 »
1498 1611 1557 1642 etc.
1578 1610 1662 1643 Tum
1684 1612 1762 1644 illud

140 1665 282 1696 maxime
298 1675 305 1696 :
321 1676 335 1695 α
349 1664 385 1696 111
397 1665 505 1706 ipsum
523 1665 642 1706 (Deum)
661 1659 765 1704 igitur
779 1665 914 1697 refunde
929 1666 1040 1697 omnia
1055 1675 1153 1706 opera
1168 1668 1234 1705 tua,
1258 1676 1272 1694 ›)
1289 1666 1299 1682 ⁸
1315 1668 1375 1698 etc.

180 1723 335 1765 Repetitio
351 1733 468 1757 vocum
483 1724 766 1765 superlativarum‚
789 1735 826 1756 ac
841 1725 987 1757 similiter
1009 1726 1205 1764 cadentium,
1222 1725 1269 1756 uti
1288 1726 1385 1757 etiam
1401 1727 1592 1760 adverbium
1611 1730 1759 1763 mundia-

138 1782 212 1816 liter
224 1783 288 1824 (vel
302 1784 342 1814 ab
358 1783 427 1824 ipso
441 1783 638 1816 Tertulliano
652 1785 868 1824 usurpatum),
884 1794 903 1816 a
918 1784 1157 1816 Bonaventurae
1173 1784 1256 1825 stylo
1278 1785 1361 1816 nihil
1385 1786 1508 1818 abludit
1514 1798 1522 1825 3
1550 1788 1643 1829 eique
1663 1790 1761 1830 pluri-

137 1851 229 1873 mum
243 1843 396 1882 congruit
408 1843 535 1884 phrasis
550 1843 603 1874 illa
619 1855 625 1875 :
648 1855 663 1874 (ε
679 1843 784 1875 Flecte
799 1844 966 1875 humiliter
987 1844 1104 1875 mentis
1122 1853 1231 1884 genua
1252 1844 1285 1875 in
1306 1854 1457 1885 supernae
1472 1846 1609 1879 civitatis
1628 1849 1757 1889 palatia.

138 1900 185 1931 lbi
200 1903 274 1932 ante
287 1901 443 1933 thronum
457 1902 654 1940 aeternitatis,
679 1913 694 1931 »
714 1904 787 1941 etc„
808 1912 883 1934 cum
911 1903 946 1933 in
974 1903 1114 1943 Prologo
1136 1904 1232 1934 etiam
1257 1903 1429 1945 Soliloquii
1450 1906 1567 1938 dixerit
1584 1918 1591 1938 ι
1612 1919 1626 1937 «
1640 1907 1759 1940 Flectat

136 1959 240 2000 igitur
250 1961 358 1992 anima
366 1961 519 1994 devota...
530 1971 638 2002 genua
646 1962 764 1993 mentis
774 1963 847 1993 ante
862 1962 1019 1994 thronum
1027 1965 1049 2001 ⁶,
1061 1974 1075 1992 »
1091 1965 1149 1994 ete.
1163 1962 1189 1994 N
1193 1962 1342 2003 equidem
1355 1964 1497 1996 insolens
1507 1966 1633 1998 Doctori
1648 1970 1757 2000 nostro

136 2018 243 2051 citatio
259 2019 403 2060 Gregorii
418 2030 454 2052 ac
469 2020 593 2052 isidori.
611 2020 763 2061 Quisquis
778 2020 909 2052 demum
930 2022 1039 2053 animo
1054 2022 1252 2062 praeiudiciis
1273 2032 1375 2054 vacuo
1391 2024 1566 2065 perlegerit
1589 2026 1649 2058 hoc
1669 2026 1755 2067 Opu—

135 2078 273 2117 sculum,
289 2082 321 2110 et
335 2088 409 2110 cum
424 2079 495 2111 aliis
510 2080 605 2111 certis
619 2080 800 2120 contulerit,
818 2080 901 2112 clare
914 2081 1082 2122 perspiciet
1093 2081 1268 2114 vanissima
1280 2091 1349 2114 esse
1367 2092 1404 2114 ea
1419 2085 1538 2124 omnia,
1556 2095 1630 2126 quae
1644 2089 1755 2119 contra

133 2136 214 2169 illud
228 2138 441 2179 objectantur.

434 2230 450 2266 ἓ
470 2230 502 2259 11.
523 2246 558 2251 -—
578 2231 667 2259 Passm
687 2231 792 2259 Cams’ri
811 2240 936 2260 BREVITER
954 2240 1094 2261 COLLECTA.
1116 2232 1281 2269 (Prodrom.,
1296 2233 1346 2261 col.
1368 2234 1442 2270 567.)

176 2300 243 2334 Vid.
260 2311 297 2334 ea
312 2311 385 2343 quae
400 2304 584 2344 retulimus,
602 2306 680 2336 tom.
698 2304 765 2344 XII,
782 2305 800 2345 ξ
816 2308 866 2345 107
883 2315 960 2346 pag.
975 2315 1031 2337 x11.

450 2397 466 2432 ἓ
485 2398 527 2425 111.
547 2412 582 2417 -
601 2399 639 2425 DE
658 2406 777 2426 rAsffloNE
796 2399 922 2426 Donmlclx
942 2406 1071 2427 orr1c11m.
1096 2397 1264 2431 (Prodrom.,
1284 2398 1334 2426 col.
1356 2398 1430 2434 586.)

175 2467 296 2499 Praeter
311 2467 465 2499 Jacobum
484 2469 695 2508 Perusinum‚
712 2470 917 2502 Franciscum
938 2471 1139 2510 Samsonem,
1158 2471 1370 2503 Octavianum
1391 2472 1429 2504 de
1442 2472 1598 2513 Martinis,
1615 2476 1755 2510 Alexan-

133 2525 228 2557 drum
241 2526 416 2566 Ariostum,
434 2527 615 2559 Marianum
630 2528 863 2568 Florentinum,
881 2532 912 2560 et
924 2530 1014 2570 alim,
1036 2530 1170 2562 fidenter
1185 2531 1352 2562 asserimus
1369 2531 1524 2563 Chronica
1537 2537 1756 2578 manuscripta

133 2585 250 2617 nedum
267 2585 385 2627 viginti
401 2588 551 2627 quatuor,
570 2587 624 2619 sed
639 2588 736 2619 etiam
755 2589 929 2621 vetustiora
949 2590 980 2620 et
1002 2589 1067 2620 sere
1088 2599 1196 2622 coaeva
1211 2590 1399 2631 quindecim
1421 2591 1602 2632 primorum
1619 2594 1756 2628 Genera-

134 2643 213 2675 lium
225 2644 457 2685 Ministrorum,
474 2656 547 2687 quae
558 2648 783 2687 hujuscemodi
800 2648 947 2679 Officium
961 2658 979 2678 a
992 2650 1101 2679 nostro
1117 2648 1343 2681 Bonaventura
1359 2650 1391 2680 in
1407 2651 1545 2690 gratiam
1557 2652 1590 2684 S.
1602 2653 1756 2688 Ludovici

168 2713 174 2728 ¹
192 2712 248 2737 Vid.
266 2720 324 2745 pag.
344 2715 398 2743 142,
414 2714 463 2740 col.
482 2717 503 2740 1.
517 2729 548 2733 -
562 2717 572 2732 ‘2
590 2716 646 2740 Vid.
662 2716 736 2747 ibid„
751 2716 799 2740 col.
817 2718 840 2740 2.
856 2729 887 2734 -
901 2716 911 2732 3
929 2716 984 2740 Vid.
1003 2724 1061 2747 pag.
1079 2717 1194 2748 lfjl¹,col.
1212 2720 1234 2742 2.
1251 2731 1281 2735 —
1297 2718 1306 2734 '⁴
1323 2717 1380 2742 Vid.
1399 2720 1460 2743 tom.
1477 2720 1532 2751 ΧΗ,
1548 2728 1607 2752 pag.
1623 2724 1662 2746 83.

277 2767 353 2790 rom,
378 2768 445 2790 xiv.
1595 2780 1614 2797 a
