2029 3052
908 221 1037 254 CAPUT
1059 222 1097 254 XI
1104 247 1111 255 .
1758 229 1812 259 3:31

245 290 402 332 Tempore
425 298 489 331 quo
513 289 564 322 vir
587 290 716 321 sanctus
743 288 839 320 Reate
861 289 985 330 iacebat

204 345 363 383 insu-mue,
382 343 621 385 praebendarius
632 342 763 384 quidam
777 342 908 374 nomine
924 342 986 374 Ge-

205 399 307 436 deon,
332 397 475 429 lubricus
503 399 534 428 et
562 396 766 435 mundanus,
798 396 984 429 infirmitate

207 451 301 493 gravi
317 452 492 492 correptus,
515 450 629 482 lectulo
651 450 823 489 decubans,
846 459 921 482 cum
945 451 985 482 ad

206 515 281 537 eum
295 505 405 537 fuisset
418 504 552 543 delatus,
568 504 745 545 lacrymose
755 504 892 543 rogabat
906 513 981 536 cum

206 559 304 591 simul
320 559 506 598 astantibus,
520 560 556 590 ut
567 559 607 589 ab
623 558 690 597 ipso
704 558 808 590 crucis
819 558 985 598 signaculo

207 613 401 654 signaretur.
419 612 466 644 Ad
478 621 574 653 quem
588 612 640 643 ille
657 623 664 644 ι
682 612 759 643 Cum
777 611 897 644 vixeris
908 611 984 643 olim

207 667 384 698 secundum
399 666 553 698 desideria
577 665 691 704 carnis,
712 674 777 696 non
797 665 919 697 veritus
928 666 983 706 ju-

207 720 289 752 dicia
310 719 375 759 Dei,
396 719 557 760 quomodo
580 721 611 750 te
632 728 725 750 cruce
742 719 901 759 signabo?
923 718 983 751 Ve-

207 783 282 805 rum
297 775 426 815 propter
441 774 572 806 devotas
582 773 848 805 intercedentium
863 783 983 814 preces,

205 827 299 867 signo
314 829 344 858 te
360 827 463 858 crucis
477 827 627 867 signabo,
644 827 678 858 in
700 827 829 859 nomine
844 827 983 859 Domini.

206 880 254 912 Tu
269 882 377 913 tamen
391 881 468 912 scito
481 882 511 912 te
535 881 689 921 graviora
703 890 885 922 passurum,
903 882 931 912 si
946 882 985 913 ad

205 935 363 967 vomitum
389 935 520 966 redieris
545 935 709 966 liberatus
742 934 874 975 Propter
898 935 985 967 enim

205 991 371 1030 peccatum
404 989 646 1029 ingratitudinis
666 1013 676 1027 ,
715 998 842 1030 semper
876 991 986 1030 pej0ra

206 1044 367 1084 prioribus
391 1043 583 1074 inferuntur.
614 1043 718 1083 Signo
748 1044 855 1084 itaque
882 1044 986 1075 crucis

206 1106 302 1138 super
316 1107 392 1129 eum
408 1098 500 1136 facto,
517 1098 635 1136 statim,
657 1098 713 1138 qui
729 1100 908 1130 contractus
929 1100 985 1139 ja-

207 1153 335 1190 cuerat,
359 1151 499 1182 surrexit
524 1160 636 1190 sanus;
663 1153 695 1183 et
724 1152 757 1182 in
779 1152 906 1183 laudem
931 1153 985 1183 Dei

206 1215 419 1246 prorumpens
437 1216 444 1236 2
467 1206 555 1246 Ego,
581 1206 702 1246 inquit,
724 1215 797 1237 sum
819 1206 984 1238 liberatus·

207 1259 422 1290 Insonuerunt
445 1261 551 1290 autem
577 1269 648 1290 ossa
672 1269 788 1290 renum
813 1261 904 1300 ejtls,
926 1270 984 1292 au-

206 1313 366 1344 dientibus
389 1313 530 1351 cunctis,
553 1313 653 1345 veluti
678 1323 751 1345 cum
773 1323 873 1345 manu
895 1314 987 1354 ligna

206 1367 289 1398 sicca
306 1368 514 1406 franguntur.
537 1367 650 1398 Paucis
675 1369 783 1399 autem
806 1368 986 1409 interlapsis

205 1420 416 1460 temporibus,
432 1420 487 1451 Dei
501 1421 628 1460 oblitus,
646 1430 762 1462 corpus
777 1422 986 1462 impudicitiae

208 1474 352 1505 reddidit.
370 1474 512 1514 Cumque
534 1484 603 1506 sero
622 1475 761 1515 quodam
784 1478 938 1507 coenasset
953 1477 987 1507 in

209 1528 303 1559 domo
319 1528 487 1568 cujusdam
500 1528 660 1568 Canonici,
678 1530 833 1570 nocteque
847 1529 900 1560 illa
916 1530 987 1561 dor-

209 1581 303 1612 miret
328 1581 458 1620 ibidem,
485 1582 590 1613 subito
613 1592 709 1623 super
730 1592 842 1615 omnes
868 1585 988 1615 corruit

209 1637 330 1667 tectum
351 1636 477 1668 domus.
502 1637 629 1668 Caeteris
653 1639 760 1669 autem
779 1638 988 1669 evadentibus

211 1692 360 1728 mortem,
377 1690 465 1722 solus
485 1691 536 1722 ille
557 1692 653 1723 miser
676 1691 868 1733 interceptus
892 1695 988 1733 atque

210 1743 422 1784 interemptus
450 1747 507 1775 est.
540 1745 630 1776 Justo
660 1746 761 1785 igitur
792 1746 845 1777 Dei
867 1747 988 1787 judicio

209 1797 290 1828 facta
311 1799 386 1828 sunt
414 1798 588 1829 novissima
610 1799 750 1830 hominis
771 1800 857 1832 illius
880 1802 989 1841 peiora

209 1850 369 1890 prioribus
384 1853 512 1891 propter
526 1852 767 1891 ingratitudinis
783 1854 910 1892 vitium,
923 1855 989 1885 Dei-

210 1912 273 1943 que
296 1904 516 1943 contemptum
544 1915 550 1934 :
577 1913 649 1935 cum
674 1905 712 1936 de
739 1908 867 1946 accepta
894 1907 989 1938 venia

209 1959 339 1997 gratum
369 1966 437 1988 esse
460 1959 619 1997 oporteat,
644 1961 680 1989 ut
702 1959 800 1999 duplo
829 1960 988 2000 displiceat

209 2012 370 2052 flagitium
383 2012 543 2043 iteratum.

250 2066 322 2096 Alio
337 2074 464 2106 quoque
477 2067 630 2105 tempore,
646 2065 761 2097 mulier
776 2067 925 2107 quaedam
933 2077 989 2100 no-

209 2120 292 2157 bilis,
310 2120 372 2151 Deo
387 2120 511 2157 devota,
527 2119 616 2151 venit
626 2120 664 2150 ad
677 2122 834 2159 sanctum,
846 2124 882 2152 ut
892 2131 988 2154 suum

210 2173 239 2204 ei
253 2174 424 2213 explicaret
439 2173 591 2211 dolorem,
616 2183 651 2204 ac
674 2174 853 2205 remedium
878 2178 987 2216 postu-

210 2228 299 2258 laret.
323 2227 465 2258 Habebat
480 2227 610 2267 quidem
626 2227 733 2259 virum
757 2228 848 2260 valde
874 2231 987 2262 crude-

210 2281 284 2318 lem,
300 2290 397 2321 quem
411 2281 630 2312 adversarium
649 2282 828 2321 patiebatur
842 2283 877 2314 in
892 2284 989 2316 servi-

210 2335 254 2365 tio
268 2333 399 2372 Christi;
416 2336 446 2364 et
461 2334 531 2364 ideo
551 2334 676 2374 petebat
695 2344 714 2365 a
735 2337 855 2374 sancto,
876 2339 986 2376 quate-

210 2397 270 2419 nus
286 2391 390 2419 oraret
413 2397 470 2428 pro
493 2387 557 2426 illo,
575 2390 611 2418 ut
633 2398 690 2419 sua
707 2389 790 2419 Deus
812 2399 866 2421 cor
887 2391 988 2431 ipsius

211 2441 398 2481 dignaretur
426 2441 570 2472 emollire
597 2441 774 2474 clementia.
798 2443 867 2483 Ipse
891 2454 986 2482 vero,

210 2495 271 2526 hoc
286 2495 430 2534 audienS,
448 2495 492 2526 ait
507 2495 551 2525 illi
569 2506 575 2526 :
593 2495 677 2526 Vade
692 2505 766 2526 cum
788 2506 874 2536 pace,
892 2498 986 2529 indu-

211 2548 348 2579 bitanter
363 2551 533 2588 expectans
547 2549 585 2579 de
594 2548 663 2580 viro
675 2550 730 2579 tuo
740 2550 988 2583 consolationem

211 2600 266 2631 tibi
281 2601 318 2632 de
334 2603 481 2642 proximo
495 2603 682 2633 affuturam.
699 2602 738 2633 Et
751 2603 883 2643 adjecit:
901 2605 988 2637 Dices

211 2654 239 2684 ei
254 2663 295 2685 ex
310 2658 398 2694 parte
413 2656 467 2687 Dei
488 2658 517 2687 et
536 2665 617 2695 mea,
634 2656 718 2696 quod
738 2666 825 2687 nunc
845 2660 890 2688 est
904 2660 986 2690 tem-

211 2716 270 2747 pus
285 2707 471 2749 clementiae,
484 2710 687 2750 postmodum
700 2710 871 2751 aequitatis.
889 2712 987 2745 Beue-

1038 291 1175 323 dictione
1191 293 1328 333 accepta,
1345 291 1518 324 revertitur
1543 292 1670 333 mulier,
1691 294 1815 326 invenit

1038 345 1158 384 virum,
1173 345 1341 377 denuntiat
1350 346 1499 378 verbum.
1510 345 1627 378 Cecidit
1634 355 1732 388 super
1741 357 1818 380 eum

1039 399 1177 440 Spiritus
1190 402 1328 438 saneim,
1341 401 1371 431 et
1383 409 1505 432 novum
1520 400 1639 432 factum
1651 401 1689 433 de
1705 403 1816 442 veteri,

1039 453 1084 484 sic
1095 453 1167 484 facit
1181 462 1254 484 cum
1271 454 1518 485 mansuetudine
1529 454 1720 494 respondere
1737 467 1744 487 ;
1761 456 1818 488 Do-

1039 507 1137 546 mina,
1154 507 1331 538 serviamus
1350 507 1493 546 Domino,
1514 510 1544 539 et
1566 508 1727 540 salvemus
1743 510 1816 541 ani-

1040 569 1108 591 mas
1123 562 1258 592 nostras.
1281 561 1440 593 Suadente
1460 562 1561 602 igitur
1580 565 1689 594 sancta
1705 573 1818 603 uxore,

1040 613 1187 654 pluribus
1202 615 1295 645 annis
1319 615 1465 647 coelibem
1487 616 1587 648 vitam
1602 619 1746 657 agentes,
1765 627 1818 649 eo-

1039 667 1112 698 dem
1135 667 1184 699 die
1210 668 1304 699 ambo
1326 669 1364 699 ad
1389 668 1559 700 Dominum
1582 671 1818 709 migraverunt.

1039 721 1181 753 Miranda
1197 723 1280 753 certe
1294 722 1327 752 in
1341 722 1414 754 viro
1429 722 1482 753 Dei
1497 723 1626 763 spiritus
1641 724 1819 764 prophetici

1040 775 1153 813 virtus⁷
1170 785 1234 816 qua
1259 777 1289 806 et
1309 776 1462 807 membris
1480 778 1550 817 Jam
1571 777 1738 809 arentibus
1753 787 1819 809 res-

1038 829 1172 861 tituebat
1187 830 1346 870 vigorem,
1368 832 1398 861 et
1417 830 1505 862 duris
1527 831 1732 871 imprimebat
1747 841 1819 863 cor-

1040 883 1132 914 dibus
1147 884 1295 924 pietatem
1313 895 1319 915 :
1337 893 1522 924 quanquam
1538 894 1603 916 non
1619 885 1726 917 minus
1737 887 1819 926 ejus-

1040 936 1112 968 dem
1137 937 1269 976 spiritus
1291 937 1330 968 sit
1356 938 1513 978 stupenda
1532 937 1727 978 limpidItas,
1756 949 1820 980 qua

1039 990 1083 1021 sic
1098 991 1281 1022 futurorum
1299 992 1579 1032 praecognoscebat
1602 995 1765 1032 eventum,
1783 995 1820 1025 ut

1040 1045 1135 1076 etiam
1150 1046 1418 1077 conscientiarum
1440 1048 1638 1078 scrutaretur
1653 1057 1818 1087 arcanum,

1040 1099 1130 1138 quasi
1146 1099 1226 1130 alter
1241 1099 1373 1131 Elisaeus
1390 1100 1549 1140 duplicem
1566 1100 1644 1132 Eliae
1667 1101 1816 1141 spiritum

1041 1154 1214 1184 assecutus.

1081 1206 1161 1238 Nam
1186 1217 1260 1238 cum
1284 1207 1374 1239 Senis
1398 1209 1470 1240 viro
1496 1210 1622 1241 cuidam
1648 1210 1707 1241 sihi
1726 1210 1820 1240 fami-

1041 1260 1112 1291 liari
1137 1261 1285 1301 quaedam
1313 1264 1549 1302 superventura
1574 1264 1712 1295 finaliter
1737 1272 1820 1304 prae-

1041 1314 1185 1352 dixisset,
1214 1316 1245 1345 et
1269 1314 1318 1346 vir
1342 1315 1395 1346 ille
1415 1317 1556 1356 peritus,
1580 1317 1619 1348 de
1640 1327 1704 1358 quo
1727 1326 1824 1357 supra

1042 1367 1162 1398 mentio
1176 1368 1257 1399 facta
1269 1370 1326 1407 est,
1346 1370 1432 1409 quod
1446 1370 1484 1401 de
1510 1370 1682 1412 Scripturis
1698 1380 1770 1402 cum
1786 1380 1823 1402 eo

1042 1421 1222 1452 conferebat
1237 1422 1421 1462 aliquando,
1437 1424 1487 1455 his
1506 1425 1634 1462 auditis,
1656 1425 1695 1456 ab
1710 1425 1822 1456 eodem

1043 1477 1150 1506 sancto
1167 1477 1255 1515 patre
1269 1476 1444 1508 dubitando
1464 1479 1673 1518 perquireret,
1696 1487 1738 1509 an
1752 1478 1824 1509 haec

1043 1528 1110 1568 ipse
1125 1528 1266 1567 dixisset,
1283 1539 1355 1569 quae
1368 1530 1454 1561 illius
1464 1530 1526 1562 viri
1539 1531 1690 1562 relatione
1707 1540 1824 1571 cogno-

1043 1583 1147 1620 verat;
1173 1591 1237 1613 non
1261 1583 1364 1614 solum
1394 1593 1427 1614 se
1452 1584 1505 1615 illa
1528 1585 1645 1616 dixisse
1671 1585 1821 1624 asseruit,

1043 1644 1159 1666 verum
1184 1635 1279 1667 etiam
1304 1638 1460 1677 quaerenti
1488 1638 1627 1669 allenum
1651 1640 1823 1677 eventum,

1044 1689 1211 1729 proprium
1248 1690 1371 1721 exitum
1406 1692 1628 1731 prophetando
1663 1692 1822 1732 praedixit.

1045 1743 1135 1780 Quod
1145 1744 1181 1773 ut
1192 1743 1309 1774 certius
1318 1744 1405 1775 cordi
1415 1745 1485 1784 ejus
1493 1745 1704 1785 imprimeret,
1717 1756 1826 1786 quem-

1044 1797 1117 1827 dam
1134 1799 1291 1828 secretum
1309 1799 1509 1830 conscientia}
1524 1799 1609 1830 illius
1624 1800 1824 1840 scrupulum,

1045 1860 1141 1891 quem
1162 1851 1242 1882 nulli
1265 1852 1388 1883 viventi
1410 1853 1462 1884 vir
1484 1854 1634 1892 praefatus
1658 1863 1824 1894 expresse-

1044 1907 1104 1942 rat,
1122 1905 1310 1936 mirabiliter
1323 1906 1495 1937 revelando
1511 1907 1673 1947 explicuit,
1691 1909 1722 1938 et
1739 1907 1824 1938 salu-

1045 1958 1145 1989 briter
1155 1959 1348 1989 consulendo
1364 1960 1528 1991 reseravit.
1546 1961 1595 1991 Ad
1607 1970 1744 2001 quorum
1759 1971 1826 1992 om-

1045 2012 1137 2043 nium
1151 2013 1336 2043 firmitatem
1360 2013 1489 2052 accedit,
1507 2015 1592 2054 quod
1609 2015 1659 2046 vir
1676 2015 1728 2045 ille
1750 2015 1825 2046 reli-

1047 2066 1169 2106 giosus,
1187 2067 1268 2097 sicut
1283 2066 1398 2098 Christi
1412 2068 1552 2099 famulus
1565 2069 1594 2099 ei
1610 2069 1768 2108 praedixit,
1781 2070 1826 2101 sic

1045 2120 1184 2151 finaliter
1195 2121 1441 2152 consummavit.

1085 2173 1130 2204 Eo
1146 2183 1276 2214 quoque
1291 2176 1444 2214 tempore,
1464 2183 1529 2214 quo
1544 2176 1766 2208 revertebatur
1786 2177 1825 2208 de

1045 2227 1129 2258 ultra
1146 2236 1245 2265 mare,
1262 2228 1385 2258 socium
1405 2227 1526 2259 habens
1538 2229 1668 2260 fratrem
1684 2230 1823 2261 Leonar-

1045 2281 1122 2312 dum
1137 2282 1175 2311 de
1190 2280 1323 2319 Assisio,
1339 2282 1475 2321 contigit
1499 2291 1574 2313 eum
1596 2283 1777 2323 fatigatum,
1794 2286 1825 2315 et

1045 2336 1164 2366 lassum
1176 2344 1349 2375 parumper
1359 2335 1494 2366 asellum
1507 2338 1728 2368 conscendere.
1742 2338 1823 2369 Sub-

1045 2397 1180 2428 sequens
1195 2390 1303 2419 autem
1318 2389 1433 2427 socius,
1450 2391 1480 2420 et
1495 2390 1561 2430 ipse
1577 2400 1642 2422 non
1660 2392 1824 2422 modicum

1045 2444 1157 2480 fessus,
1175 2442 1269 2482 coepit
1284 2442 1388 2473 dicere
1406 2443 1490 2474 intra
1505 2453 1548 2482 se,
1571 2444 1752 2475 humanum
1767 2446 1824 2476 ali-

1046 2497 1122 2537 quid
1138 2505 1248 2536 passus
1263 2506 1270 2527 :
1288 2496 1359 2527 Non
1374 2497 1412 2527 de
1428 2498 1495 2537 pari
1511 2498 1661 2529 ludebant
1676 2501 1823 2538 parentes

1045 2552 1126 2589 ejus,
1142 2551 1172 2580 et
1187 2549 1260 2579 mei.
1284 2551 1330 2579 En
1345 2550 1411 2589 ipse
1426 2551 1558 2590 equitat,
1576 2553 1606 2581 et
1624 2560 1687 2590 ego
1711 2553 1824 2592 pedes-

1046 2606 1092 2634 ter
1115 2603 1242 2633 asinum
1264 2603 1334 2642 ejus
1362 2603 1454 2634 duco.
1483 2604 1549 2634 Hoc
1571 2604 1624 2635 illo
1649 2605 1820 2644 cogitante,

1045 2657 1192 2698 protinus
1215 2656 1376 2687 descendit
1397 2657 1434 2687 de
1455 2658 1542 2688 asino
1558 2658 1607 2688 vir
1632 2660 1773 2696 sanctus,
1791 2661 1822 2689 et

1045 2712 1089 2743 ait
1108 2722 1114 2742 τ
1138 2710 1217 2748 Non,
1238 2710 1344 2747 frater,
1365 2711 1513 2741 convenit
1533 2714 1567 2742 ut
1587 2721 1649 2752 ego
1670 2713 1820 2752 equitem,
