2029 3052
402 229 590 264 OFFICIUM
611 229 662 263 DE
683 228 962 262 COMPASSIONE
983 229 1127 263 BEATAE
1148 232 1288 264 MARlAE
1309 231 1494 265 VIRGINIS.

468 331 599 364 vamnus.

244 393 418 430 Imperatrix
429 394 601 430 clementiae,

209 441 318 469 Rorem
331 440 455 469 infunde
472 441 582 477 gratiae,

211 489 242 515 ln
253 496 354 516 meum
367 496 419 516 cor
430 489 490 516 tam
503 487 632 523 aridum,

208 535 242 562 Ut
256 534 310 563 tibi
324 534 375 564 fiat
389 535 533 572 placitum
549 535 596 571 (a).

244 581 372 618 Largire,
389 582 472 618 quod
483 581 652 618 concipiam

207 630 316 657 Tecum
330 629 429 657 cordis
444 628 625 665 angustiam,

208 675 293 704 Flens
308 677 445 711 mortem,
462 683 553 712 quam
569 676 630 703 Rex
646 675 766 711 patitur,

209 724 261 750 Per
272 731 363 758 quem
377 722 507 750 mundus
522 722 711 750 construitur.

243 771 319 797 Tuus
335 770 473 798 tractatur
488 768 578 796 Filius

206 817 305 851 Longe
321 824 412 851 quam
427 816 503 844 latro
518 815 608 843 vilius
622 824 629 843 :

207 863 308 891 irrisus
317 863 372 892 fert
385 863 527 896 ludibria,

207 911 295 939 Gente
307 910 436 938 vallatur
450 909 553 946 impia.

242 958 281 987 Sit
294 957 402 992 honor,
417 958 494 994 laus,
510 958 643 993 devotio,

205 1007 273 1034 Jesu
286 1006 382 1034 Mariae
397 1006 481 1041 Filio,

206 1055 298 1081 Tcnso
312 1054 405 1082 crucis
416 1054 564 1090 patibulo,

206 1101 261 1128 Pro
274 1100 452 1129 redimendo
465 1101 592 1138 populo.
608 1102 711 1128 Amen.

171 1147 343 1182 Antiphona.
360 1149 490 1176 Noctem.

457 1227 592 1255 Psalmus.

171 1291 335 1317 posuerunt
349 1297 397 1316 me
416 1289 447 1317 in
465 1289 533 1317 lacu
546 1288 690 1317 inferiori.

134 1336 228 1373 Super
241 1344 289 1364 me
306 1336 498 1365 confirmatus
513 1337 557 1364 est
570 1336 664 1364 furor.

134 1384 232 1419 Longe
246 1383 339 1411 fecisti
353 1385 440 1412 notos
455 1391 548 1418 meOS,
565 1385 618 1411 etc.

170 1430 303 1458 Traditus
317 1438 400 1464 sum,
426 1431 454 1458 et
473 1438 535 1458 non
558 1430 743 1466 egrediebar,
760 1431 839 1458 oculi
859 1431 917 1458 mei

134 1476 313 1513 languerunt
326 1485 388 1513 prae
401 1477 512 1513 inopia.
530 1477 630 1505 Gloria
644 1477 730 1512 Patri,
748 1479 801 1506 ctc.

171 1525 341 1560 Antiphone.
357 1526 490 1559 Noctem,
503 1533 563 1560 qua
573 1524 703 1553 Christus
714 1525 839 1561 capitur,
850 1525 918 1553 abs-

136 1579 194 1607 que
210 1579 316 1599 somno
339 1571 463 1606 duxisti,
480 1572 507 1598 et
527 1572 675 1608 soporatis
695 1572 821 1607 caeteris,
843 1572 919 1600 flens

135 1618 206 1654 vigil
220 1618 419 1654 permansisti.

169 1665 199 1701 v.
215 1665 315 1694 Caeteri
329 1673 397 1693 cum
411 1665 486 1693 inter
499 1666 586 1693 fletus
600 1666 808 1694 obdormirent
820 1677 826 1693 ε

169 1714 199 1748 ᾗ).
223 1714 264 1740 Tu
287 1712 351 1741 sola
370 1714 490 1741 moestas
512 1713 666 1742 celebrasti
688 1714 814 1749 vigilias.
836 1715 919 1742 Peter

133 1760 243 1787 noster.

170 1806 199 1842 Ῡ.
216 1807 249 1834 Et
262 1814 299 1834 ne
315 1815 371 1835 nos
385 1806 520 1842 inducas,
534 1809 587 1835 etc.

168 1854 198 1887 ix).
214 1853 270 1881 Sed
284 1853 380 1882 libera
395 1861 461 1889 nos,
475 1855 528 1882 etc.

449 1932 601 1960 Absolutz'o.

169 1994 233 2022 Noli
248 2002 297 2022 me
308 1994 490 2030 relinquere,
504 1996 582 2030 Jesu,
594 1994 645 2022 Fili
661 1995 752 2030 bone,
768 1995 813 2024 fac
829 1998 860 2024 ut
872 1998 915 2025 te-

133 2049 201 2069 cum
215 2042 327 2070 moriar
341 2041 392 2069 tali
402 2041 551 2077 passione.
568 2044 671 2070 Amen.

168 2089 242 2117 Jube
256 2089 366 2117 bened.
383 2090 438 2117 Pro
454 2089 541 2117 nobis
557 2097 610 2117 ora
622 2089 812 2125 crucifixum,
828 2091 916 2126 Virgo

134 2136 253 2165 decora.
269 2138 371 2164 Amen.

419 2214 506 2241 Lectio
523 2215 625 2248 prima.

170 2276 286 2304 Prolem
300 2275 331 2304 in
346 2284 432 2304 cruce
451 2277 632 2312 pendentem
646 2280 751 2306 moesta
765 2279 853 2307 Mater
869 2288 915 2307 as-

132 2324 256 2360 piciens,
269 2323 450 2360 lacrymatur
464 2323 641 2352 incessanter
659 2334 665 2352 z
680 2327 783 2361 pectus
798 2334 915 2354 sacrum

133 2371 310 2407 percutiens,
330 2370 431 2407 plures
446 2370 540 2398 movit
555 2371 594 2398 ad
608 2379 768 2400 moerorem
783 2381 837 2401 suo
851 2374 915 2409 plo-

134 2420 199 2446 ratu
215 2418 353 2454 querulo,
367 2419 472 2445 natum
486 2417 592 2445 videns
611 2421 806 2455 cruentatum,
820 2421 915 2448 crucis

134 2466 250 2493 tensum
264 2465 412 2502 patibulo.
425 2464 562 2493 Animam
577 2467 687 2493 mcestae
702 2467 830 2494 Parentis
845 2469 914 2495 tunc

134 2512 323 2548 pertransivit
349 2512 462 2546 acrius,
485 2512 570 2547 juxta
602 2512 728 2540 verbum
752 2513 914 2550 Simeonis,

134 2559 211 2587 heu!
237 2559 383 2595 passionis
399 2559 516 2594 gladius
537 2568 543 2586 ι
563 2559 604 2586 sic
620 2559 693 2587 dum
714 2560 812 2596 plorat
831 2570 913 2590 mor-

135 2607 194 2633 tem
216 2606 323 2642 prolis,
352 2614 442 2643 quem
467 2606 685 2642 blasphemavit
704 2607 844 2643 populus,
869 2617 915 2637 so-

135 2652 182 2681 lus
203 2655 265 2681 erat
283 2653 452 2682 consolator
472 2653 535 2689 ejus
558 2655 656 2681 custos
680 2654 716 2690 (b)
740 2654 913 2691 discipulus.

135 2701 175 2728 Tu
194 2702 303 2729 autem.
325 2701 355 2736 ις).
379 2701 532 2729 Consolari
551 2702 639 2729 Mater
661 2709 721 2729 non
736 2703 848 2738 potuit,
872 2704 913 2731 sic

1692 239 1750 269 227

974 298 1130 327 tractatum
1148 299 1263 336 videns,
1287 308 1377 337 quem
1401 301 1513 336 genuit.
1536 303 1599 331 Haec
1618 303 1756 333 dolorem

973 345 1119 381 majorem
1134 346 1249 382 habuit,
1267 356 1359 384 quam
1378 347 1522 384 salvator,
1538 350 1589 386 qui
1612 351 1654 379 tot
1674 352 1758 380 susti-

974 391 1046 419 nuit.
1066 392 1093 426 Ῡ.
1113 394 1235 422 Mortem
1254 395 1304 423 Dei
1325 395 1441 430 videns,
1457 404 1548 432 quem
1566 397 1649 432 aluit,
1674 398 1758 427 nulla

974 439 1062 467 Mater
1077 439 1118 468 sic
1132 449 1267 477 unquam
1283 442 1387 470 doluit.
1404 444 1468 471 liaec
1482 443 1629 472 dolorem.

1009 485 1083 514 Jube
1098 486 1207 515 bened.
1224 489 1300 517 Mors
1315 489 1408 526 prolis
1424 490 1472 518 Dei
1488 491 1589 526 Patris,
1600 491 1659 520 vita
1669 492 1757 521 nobis

973 531 1010 560 sit
1024 533 1162 568 precibus
1176 534 1232 571 piae
1242 536 1347 564 Matris

1248 615 1337 643 Lectio
1356 617 1482 644 secunda.

1012 676 1085 703 Dum
1105 676 1142 703 de
1163 684 1248 704 cruce
1264 677 1417 714 depositus
1439 679 1478 707 ad
1497 681 1646 710 tumulum
1661 685 1758 719 porta-

974 723 1030 757 tur,
1042 722 1116 751 inter
1127 723 1247 752 dolores
1266 725 1382 760 anxios,
1402 728 1553 762 portantes
1572 728 1613 756 sic
1630 730 1736 758 affatur
1751 740 1756 759 z

975 769 1116 798 Sustinete
1132 771 1299 807 paululum,
1315 773 1396 808 quod
1412 773 1550 802 dolorem
1560 783 1661 803 meum
1672 777 1758 813 plan-

975 824 1054 851 gam,
1077 819 1104 845 et
1124 826 1224 846 meum
1241 819 1466 849 dilectissimum
1490 821 1645 851 deosculer
1662 833 1668 851 :
1686 824 1758 852 mihi

974 871 1076 890 mcum
1092 864 1318 894 dilectissimum
1330 867 1503 896 subtrahere
1519 869 1621 898 nolite.
1638 871 1666 898 Si
1677 879 1759 907 sepe-

974 909 1020 937 liri
1038 910 1156 946 debeat,
1167 920 1214 940 me
1228 921 1329 941 secum
1344 915 1473 950 sepelite.
1492 917 1617 945 Accessit
1631 917 1671 945 sic
1692 926 1759 946 exa-

974 956 1073 991 nimis,
1088 966 1119 986 sc
1135 966 1224 995 super
1245 968 1354 996 corpus
1368 961 1448 997 jecit,
1468 965 1495 990 et
1510 971 1627 991 sacrum
1643 965 1758 994 vultum

973 1003 1114 1040 lacrymis
1129 1005 1257 1041 rigando
1272 1007 1439 1036 madefecit.
1451 1011 1493 1037 Tu
1508 1013 1617 1038 autem.
1636 1013 1665 1047 m.
1684 1013 1759 1040 Dum

974 1050 1089 1079 videret
1106 1053 1253 1088 supplicia
1268 1054 1360 1089 prolis
1383 1056 1540 1092 exquisita,
1556 1058 1712 1094 torquetur
1732 1062 1760 1088 et

974 1099 1110 1134 angustia
1134 1100 1222 1128 Mater
1245 1101 1370 1130 infinita.
1391 1103 1540 1132 Triduano
1561 1105 1657 1141 spatio
1685 1106 1759 1134 dum

973 1145 1129 1181 langueret
1143 1146 1193 1182 ita,
1209 1148 1326 1183 squalet
1339 1150 1402 1184 eJ'us
1417 1150 1506 1179 facies
1521 1159 1617 1188 nuper
1631 1154 1691 1181 tam
1702 1162 1757 1189 po-

973 1191 1034 1220 lita.
1051 1193 1080 1228 v.
1100 1195 1187 1222 Poena
1208 1196 1267 1223 tam
1286 1204 1464 1232 exasperans
1475 1206 1632 1234 nunquam
1648 1202 1691 1228 est
1705 1209 1758 1228 au-

974 1239 1055 1267 dita:
1075 1240 1164 1276 longe
1178 1241 1233 1269 sibi
1251 1242 1369 1271 charior
1386 1246 1448 1272 erat
1468 1253 1550 1273 mors
1574 1255 1666 1282 quam
1687 1247 1756 1275 vita.

974 1287 1102 1322 Squalct.

1009 1334 1082 1362 Jube
1106 1335 1216 1364 bened.
1237 1337 1282 1364 Sic
1309 1338 1397 1366 nobis
1417 1339 1543 1374 pacifica
1568 1342 1758 1370 tremendum

973 1380 1061 1416 Virgo
1076 1382 1196 1417 pudica.
1213 1386 1315 1411 Amen.

1277 1464 1366 1491 Lectio
1383 1467 1473 1494 tertia.

1008 1524 1070 1552 Filii
1084 1525 1241 1560 praesentia
1254 1527 1342 1554 Mater
1360 1528 1507 1565 destituta,
1524 1531 1691 1560 Gabrielem
1703 1541 1756 1561 an·-

974 1570 1075 1605 gelum
1094 1571 1135 1599 sic
1150 1574 1193 1600 est
1208 1572 1337 1602 allocuta
1361 1585 1366 1602 :
1390 1576 1446 1603 Ave
1458 1578 1541 1611 plena
1558 1580 1663 1613 qratia,
1685 1580 1757 1608 mihi

974 1619 1120 1654 protulisti
1129 1629 1136 1654 3
1152 1628 1231 1648 nunc
1246 1621 1444 1651 amaritudine
1460 1632 1527 1651 sum
1545 1626 1658 1661 repleta
1672 1627 1755 1655 tristi.

975 1665 1194 1702 Subsequenter
1208 1667 1346 1704 inquiens
1358 1678 1364 1697 :
1378 1671 1508 1698 Dominus
1521 1675 1562 1699 est
1572 1675 1671 1708 tecum3
1683 1673 1754 1701 heu!

970 1712 1049 1747 jacet
1060 1713 1089 1740 in
1104 1714 1228 1750 tumulo,
1242 1723 1297 1743 nec
1308 1718 1350 1744 est
1364 1716 1441 1745 ultra
1453 1726 1580 1746 mecum.
1596 1720 1697 1747 Omnis
1707 1721 1758 1749 be-

974 1759 1114 1796 nedIctio,
1129 1769 1221 1797 quam
1241 1764 1271 1790 tu
1287 1764 1486 1800 spopondisti,
1504 1765 1577 1793 mihi
1591 1766 1624 1794 fit
1643 1770 1757 1796 contra-

973 1806 1018 1834 ria
1036 1810 1157 1843 propter
1171 1811 1298 1837 mortem
1316 1811 1430 1839 Christi.
1447 1813 1487 1839 Tu
1510 1815 1618 1841 autem.
1636 1816 1665 1849 πῆ.
1683 1816 1757 1843 Cum

973 1853 1088 1881 videret
1111 1855 1209 1890 quod,
1235 1856 1335 1885 clauso
1359 1858 1488 1894 tumulo,
1509 1860 1674 1895 privaretur
1696 1864 1756 1890 tam

974 1899 1054 1927 dulci
1069 1898 1239 1936 spectaculo
1256 1904 1300 1940 (c),
1317 1905 1490 1940 praedilecto
1511 1908 1589 1935 stans
1611 1916 1679 1936 cum
1697 1909 1756 1936 dis-

973 1946 1085 1982 cipulo,
1102 1948 1192 1976 corde
1204 1949 1302 1985 plorat
1312 1951 1417 1986 magis,
1434 1961 1525 1988 quam
1538 1954 1637 1982 oculo.
1656 1955 1685 1990 y).
1703 1958 1756 1984 La*

973 2001 1141 2029 crymarum
1153 1995 1261 2024 fluente
1268 1997 1376 2033 rivulo,
1390 2000 1484 2027 movit
1492 2001 1591 2028 tletum
1603 2002 1641 2038 (ιί)
1652 2004 1756 2030 astanti

972 2041 1096 2076 populo.
1114 2042 1217 2071 Corde.
1232 2044 1331 2072 Gloria
1344 2046 1429 2080 Patri,
1441 2048 1469 2074 et
1484 2047 1568 2083 Filio,
1582 2050 1635 2076 etc.
1649 2049 1753 2077 Corde.

1265 2154 1309 2179 AD
1323 2153 1462 2182 LAUDES.

1008 2233 1092 2266 DeuS,
1108 2232 1139 2259 in
1157 2232 1338 2268 adjutorium
1354 2243 1465 2272 mcum,
1483 2239 1536 2265 etc.

1008 2279 1173 2314 Antiphone.
1190 2280 1232 2308 Fit
1243 2288 1311 2308 vox.

1294 2363 1430 2391 PSALmus.

1007 2422 1067 2455 Ego
1083 2429 1150 2448 sum
1165 2422 1283 2457 vermis,
1300 2425 1327 2451 et
1347 2432 1409 2452 non
1429 2425 1532 2461 homo,
1556 2428 1753 2463 opprobrium

971 2467 1138 2502 hominum,
1151 2470 1178 2495 et
1191 2469 1317 2503 abjectio
1332 2471 1440 2506 plebis,

1008 2516 1114 2543 Omnes
1138 2515 1270 2544 videntes
1293 2526 1341 2545 me
1371 2518 1537 2548 deriserunt
1561 2529 1606 2548 mc
1629 2532 1636 2549 :
1662 2522 1751 2551 locuti

971 2564 1038 2590 sunt
1052 2562 1149 2598 labiis,
1166 2565 1193 2591 et
1207 2567 1367 2593 moverunt
1381 2568 1478 2602 caput.

1004 2675 1038 2705 (a)
1060 2674 1122 2698 Caet.
1143 2674 1204 2699 edit.
1226 2676 1363 2707 placidum.
1380 2691 1406 2694 —
1431 2678 1460 2708 (b)
1482 2678 1543 2703 Coet.
1562 2680 1622 2704 edit.
1640 2682 1697 2705 add.
1718 2685 1750 2707 ct.

972 2722 1003 2726 —
1015 2711 1044 2739 (c)
1063 2711 1122 2734 (uel.
1140 2711 1199 2734 cilis.
1213 2713 1328 2741 speculo.
1345 2727 1374 2730 -
1387 2714 1421 2744 (d)
1437 2715 1497 2737 [lem
1514 2716 1600 2740 lictum
1617 2718 1707 2742 movit.
