<?xml version="1.0" encoding="UTF-8"?>
<!DOCTYPE html PUBLIC "-//W3C//DTD XHTML 1.0 Transitional//EN"
    "http://www.w3.org/TR/xhtml1/DTD/xhtml1-transitional.dtd">
<html xmlns="http://www.w3.org/1999/xhtml" xml:lang="en" lang="en">
 <head>
  <title>
</title>
<meta http-equiv="Content-Type" content="text/html;charset=utf-8" />
  <meta name='ocr-system' content='tesseract 3.04.00' />
  <meta name='ocr-capabilities' content='ocr_page ocr_carea ocr_par ocr_line ocrx_word'/>
</head>
<body>
  <div class='ocr_page' id='page_1' title='image "./operaomniasixtiv14bonauoft/operaomniasixtiv14bonauoft_0108.png"; bbox 0 0 2029 3052; ppageno 0'>
   <div class='ocr_carea' id='block_1_1' title="bbox 235 183 1481 227">
    <p class='ocr_par' dir='ltr' id='par_1_1' title="bbox 235 183 1481 227">
     <span class='ocr_line' id='line_1_1' title="bbox 235 183 1481 227; baseline 0.001 -2"><span class='ocrx_word' id='word_1_1' title='bbox 235 196 274 225; x_wconf 82' lang='lat'>70</span> <span class='ocrx_word' id='word_1_2' title='bbox 324 183 328 187; x_wconf 42' lang='lat'>⁸</span> <span class='ocrx_word' id='word_1_3' title='bbox 601 191 814 226; x_wconf 87' lang='lat' dir='ltr'><strong>SERMONES</strong></span> <span class='ocrx_word' id='word_1_4' title='bbox 836 191 887 224; x_wconf 86' lang='lat' dir='ltr'>DE</span> <span class='ocrx_word' id='word_1_5' title='bbox 905 189 1072 224; x_wconf 87' lang='lat' dir='ltr'>SANCTIS</span> <span class='ocrx_word' id='word_1_6' title='bbox 1093 191 1136 224; x_wconf 85' lang='lat' dir='ltr'>IN</span> <span class='ocrx_word' id='word_1_7' title='bbox 1156 191 1352 226; x_wconf 83' lang='lat' dir='ltr'>COMMUNI.</span> <span class='ocrx_word' id='word_1_8' title='bbox 1374 192 1481 227; x_wconf 77' lang='lat' dir='ltr'>xxvi.</span> 
     </span>
    </p>
   </div>
   <div class='ocr_carea' id='block_1_2' title="bbox 234 259 1032 2511">
    <p class='ocr_par' dir='ltr' id='par_1_2' title="bbox 234 259 1023 1564">
     <span class='ocr_line' id='line_1_2' title="bbox 235 259 1016 298; baseline -0.003 -9"><span class='ocrx_word' id='word_1_9' title='bbox 235 262 305 296; x_wconf 79' lang='lat' dir='ltr'>Quis</span> <span class='ocrx_word' id='word_1_10' title='bbox 318 268 454 298; x_wconf 83' lang='lat' dir='ltr'>unquam</span> <span class='ocrx_word' id='word_1_11' title='bbox 467 260 509 290; x_wconf 84' lang='lat' dir='ltr'>sic</span> <span class='ocrx_word' id='word_1_12' title='bbox 529 259 646 296; x_wconf 85' lang='lat' dir='ltr'>stultus,</span> <span class='ocrx_word' id='word_1_13' title='bbox 660 261 694 289; x_wconf 87' lang='lat' dir='ltr'>ut</span> <span class='ocrx_word' id='word_1_14' title='bbox 710 267 765 297; x_wconf 86' lang='lat' dir='ltr'>per</span> <span class='ocrx_word' id='word_1_15' title='bbox 789 267 885 288; x_wconf 90' lang='lat' dir='ltr'>unum</span> <span class='ocrx_word' id='word_1_16' title='bbox 902 266 1016 288; x_wconf 83' lang='lat' dir='ltr'>annum</span> 
     </span>
     <span class='ocr_line' id='line_1_3' title="bbox 234 306 1016 344; baseline -0.004 -7"><span class='ocrx_word' id='word_1_17' title='bbox 234 309 334 337; x_wconf 82' lang='lat' dir='ltr'>teneat</span> <span class='ocrx_word' id='word_1_18' title='bbox 355 307 464 337; x_wconf 85' lang='lat' dir='ltr'>vulnus</span> <span class='ocrx_word' id='word_1_19' title='bbox 484 308 591 344; x_wconf 83' lang='lat' dir='ltr'>carnis,</span> <span class='ocrx_word' id='word_1_20' title='bbox 611 307 661 337; x_wconf 85' lang='lat' dir='ltr'>vel</span> <span class='ocrx_word' id='word_1_21' title='bbox 681 315 826 342; x_wconf 85' lang='lat' dir='ltr'>mensem,</span> <span class='ocrx_word' id='word_1_22' title='bbox 848 306 898 335; x_wconf 85' lang='lat' dir='ltr'>vel</span> <span class='ocrx_word' id='word_1_23' title='bbox 922 306 1016 342; x_wconf 90' lang='lat' dir='ltr'>diem,</span> 
     </span>
     <span class='ocr_line' id='line_1_4' title="bbox 235 353 1018 392; baseline -0.004 -8"><span class='ocrx_word' id='word_1_24' title='bbox 235 356 288 392; x_wconf 89' lang='lat' dir='ltr'>qui</span> <span class='ocrx_word' id='word_1_25' title='bbox 309 363 373 384; x_wconf 88' lang='lat' dir='ltr'>non</span> <span class='ocrx_word' id='word_1_26' title='bbox 391 357 478 385; x_wconf 85' lang='lat' dir='ltr'>vocet</span> <span class='ocrx_word' id='word_1_27' title='bbox 495 355 662 391; x_wconf 77' lang='lat' dir='ltr'>medicum,</span> <span class='ocrx_word' id='word_1_28' title='bbox 679 355 762 392; x_wconf 85' lang='lat' dir='ltr'>petat</span> <span class='ocrx_word' id='word_1_29' title='bbox 782 353 966 389; x_wconf 81' lang='lat' dir='ltr'><strong>antidotum,</strong></span> <span class='ocrx_word' id='word_1_30' title='bbox 989 354 1018 382; x_wconf 84' lang='lat' dir='ltr'>et</span> 
     </span>
     <span class='ocr_line' id='line_1_5' title="bbox 235 400 1018 440; baseline -0.001 -10"><span class='ocrx_word' id='word_1_31' title='bbox 235 402 384 440; x_wconf 81' lang='lat' dir='ltr'><strong>spondeat</strong></span> <span class='ocrx_word' id='word_1_32' title='bbox 395 402 571 440; x_wconf 73' lang='lat' dir='ltr'>praemium?</span> <span class='ocrx_word' id='word_1_33' title='bbox 587 402 662 431; x_wconf 79' lang='lat' dir='ltr'>Heu!</span> <span class='ocrx_word' id='word_1_34' title='bbox 685 401 762 430; x_wconf 83' lang='lat' dir='ltr'>heu!</span> <span class='ocrx_word' id='word_1_35' title='bbox 786 401 860 438; x_wconf 79' lang='lat' dir='ltr'>quia</span> <span class='ocrx_word' id='word_1_36' title='bbox 881 400 1018 437; x_wconf 82' lang='lat' dir='ltr'>peccavi-</span> 
     </span>
     <span class='ocr_line' id='line_1_6' title="bbox 236 446 1017 485; baseline -0.003 -7"><span class='ocrx_word' id='word_1_37' title='bbox 236 457 314 484; x_wconf 85' lang='lat' dir='ltr'>mus,</span> <span class='ocrx_word' id='word_1_38' title='bbox 328 450 421 478; x_wconf 88' lang='lat' dir='ltr'>Deum</span> <span class='ocrx_word' id='word_1_39' title='bbox 435 449 626 484; x_wconf 80' lang='lat' dir='ltr'>offendimus,</span> <span class='ocrx_word' id='word_1_40' title='bbox 642 448 776 478; x_wconf 78' lang='lat' dir='ltr'>animam</span> <span class='ocrx_word' id='word_1_41' title='bbox 789 446 936 485; x_wconf 76' lang='lat' dir='ltr'>lethaliter</span> <span class='ocrx_word' id='word_1_42' title='bbox 948 447 1017 476; x_wconf 84' lang='lat' dir='ltr'>vul-</span> 
     </span>
     <span class='ocr_line' id='line_1_7' title="bbox 236 495 1016 534; baseline -0.004 -8"><span class='ocrx_word' id='word_1_43' title='bbox 236 497 408 526; x_wconf 85' lang='lat' dir='ltr'>neravimus</span> <span class='ocrx_word' id='word_1_44' title='bbox 415 507 424 534; x_wconf 79' lang='lat'><em>3</em></span> <span class='ocrx_word' id='word_1_45' title='bbox 440 498 468 526; x_wconf 89' lang='lat' dir='ltr'>et</span> <span class='ocrx_word' id='word_1_46' title='bbox 480 504 535 526; x_wconf 87' lang='lat' dir='ltr'>nec</span> <span class='ocrx_word' id='word_1_47' title='bbox 548 496 581 525; x_wconf 90' lang='lat' dir='ltr'>in</span> <span class='ocrx_word' id='word_1_48' title='bbox 595 497 656 525; x_wconf 84' lang='lat' dir='ltr'>tota</span> <span class='ocrx_word' id='word_1_49' title='bbox 669 496 730 525; x_wconf 84' lang='lat' dir='ltr'>vita</span> <span class='ocrx_word' id='word_1_50' title='bbox 744 495 896 525; x_wconf 88' lang='lat' dir='ltr'>medicum</span> <span class='ocrx_word' id='word_1_51' title='bbox 914 496 1016 532; x_wconf 88' lang='lat' dir='ltr'>postu-</span> 
     </span>
     <span class='ocr_line' id='line_1_8' title="bbox 235 543 1019 580; baseline -0.004 -7"><span class='ocrx_word' id='word_1_52' title='bbox 235 544 347 580; x_wconf 83' lang='lat' dir='ltr'>lamus;</span> <span class='ocrx_word' id='word_1_53' title='bbox 362 545 425 573; x_wconf 90' lang='lat' dir='ltr'>imo</span> <span class='ocrx_word' id='word_1_54' title='bbox 438 544 490 573; x_wconf 84' lang='lat' dir='ltr'>vix</span> <span class='ocrx_word' id='word_1_55' title='bbox 508 544 540 572; x_wconf 86' lang='lat' dir='ltr'>in</span> <span class='ocrx_word' id='word_1_56' title='bbox 553 545 661 579; x_wconf 90' lang='lat' dir='ltr'>morte,</span> <span class='ocrx_word' id='word_1_57' title='bbox 677 543 715 572; x_wconf 86' lang='lat' dir='ltr'>de</span> <span class='ocrx_word' id='word_1_58' title='bbox 732 543 857 580; x_wconf 83' lang='lat' dir='ltr'>propria</span> <span class='ocrx_word' id='word_1_59' title='bbox 878 543 974 571; x_wconf 80' lang='lat' dir='ltr'>morte</span> <span class='ocrx_word' id='word_1_60' title='bbox 989 543 1019 570; x_wconf 84' lang='lat' dir='ltr'>et</span> 
     </span>
     <span class='ocr_line' id='line_1_9' title="bbox 236 589 1018 626; baseline -0.003 -6"><span class='ocrx_word' id='word_1_61' title='bbox 236 592 330 621; x_wconf 89' lang='lat' dir='ltr'>salute</span> <span class='ocrx_word' id='word_1_62' title='bbox 340 598 490 620; x_wconf 79' lang='lat' dir='ltr'><strong>curamus.</strong></span> <span class='ocrx_word' id='word_1_63' title='bbox 505 592 563 619; x_wconf 87' lang='lat' dir='ltr'>Nec</span> <span class='ocrx_word' id='word_1_64' title='bbox 573 591 617 619; x_wconf 89' lang='lat' dir='ltr'>est</span> <span class='ocrx_word' id='word_1_65' title='bbox 629 590 751 626; x_wconf 81' lang='lat' dir='ltr'>mirum,</span> <span class='ocrx_word' id='word_1_66' title='bbox 765 589 939 618; x_wconf 88' lang='lat' dir='ltr'>hominibus</span> <span class='ocrx_word' id='word_1_67' title='bbox 948 597 1018 618; x_wconf 81' lang='lat' dir='ltr'>raro</span> 
     </span>
     <span class='ocr_line' id='line_1_10' title="bbox 237 637 1018 674; baseline -0.003 -7"><span class='ocrx_word' id='word_1_68' title='bbox 237 638 456 673; x_wconf 80' lang='lat' dir='ltr'>confitentibus,</span> <span class='ocrx_word' id='word_1_69' title='bbox 469 638 494 666; x_wconf 92' lang='lat' dir='ltr'>si</span> <span class='ocrx_word' id='word_1_70' title='bbox 507 637 642 667; x_wconf 86' lang='lat' dir='ltr'>confiteri</span> <span class='ocrx_word' id='word_1_71' title='bbox 658 645 720 666; x_wconf 92' lang='lat' dir='ltr'>non</span> <span class='ocrx_word' id='word_1_72' title='bbox 732 639 848 673; x_wconf 85' lang='lat' dir='ltr'>curant,</span> <span class='ocrx_word' id='word_1_73' title='bbox 863 638 892 666; x_wconf 93' lang='lat' dir='ltr'>et</span> <span class='ocrx_word' id='word_1_74' title='bbox 905 637 1018 674; x_wconf 88' lang='lat' dir='ltr'>seipsos</span> 
     </span>
     <span class='ocr_line' id='line_1_11' title="bbox 236 684 1019 722; baseline -0.003 -8"><span class='ocrx_word' id='word_1_75' title='bbox 236 685 409 722; x_wconf 83' lang='lat' dir='ltr'>negligunt:</span> <span class='ocrx_word' id='word_1_76' title='bbox 426 685 508 722; x_wconf 83' lang='lat' dir='ltr'>quia,</span> <span class='ocrx_word' id='word_1_77' title='bbox 527 685 603 714; x_wconf 86' lang='lat' dir='ltr'>sicut</span> <span class='ocrx_word' id='word_1_78' title='bbox 621 685 693 714; x_wconf 84' lang='lat' dir='ltr'>dicit</span> <span class='ocrx_word' id='word_1_79' title='bbox 706 684 902 717; x_wconf 76' lang='lat' dir='ltr'>Bernardus1,</span> <span class='ocrx_word' id='word_1_80' title='bbox 919 692 1019 713; x_wconf 81' lang='lat' dir='ltr'>exem-</span> 
     </span>
     <span class='ocr_line' id='line_1_12' title="bbox 236 731 1018 769; baseline -0.001 -8"><span class='ocrx_word' id='word_1_81' title='bbox 236 732 321 769; x_wconf 88' lang='lat' dir='ltr'>plum</span> <span class='ocrx_word' id='word_1_82' title='bbox 338 732 476 761; x_wconf 86' lang='lat' dir='ltr'>videmus</span> <span class='ocrx_word' id='word_1_83' title='bbox 494 741 501 760; x_wconf 93' lang='lat'>:</span> <span class='ocrx_word' id='word_1_84' title='bbox 520 734 636 761; x_wconf 85' lang='lat' dir='ltr'>vetusto</span> <span class='ocrx_word' id='word_1_85' title='bbox 659 732 784 761; x_wconf 86' lang='lat' dir='ltr'>vulnere</span> <span class='ocrx_word' id='word_1_86' title='bbox 812 733 842 760; x_wconf 90' lang='lat' dir='ltr'>et</span> <span class='ocrx_word' id='word_1_87' title='bbox 864 731 1018 768; x_wconf 83' lang='lat' dir='ltr'>neglecto,</span> 
     </span>
     <span class='ocr_line' id='line_1_13' title="bbox 236 778 1018 816; baseline -0.003 -8"><span class='ocrx_word' id='word_1_88' title='bbox 236 779 330 808; x_wconf 84' lang='lat' dir='ltr'>canus</span> <span class='ocrx_word' id='word_1_89' title='bbox 344 779 522 808; x_wconf 87' lang='lat' dir='ltr'>obducitur:</span> <span class='ocrx_word' id='word_1_90' title='bbox 537 779 664 816; x_wconf 84' lang='lat' dir='ltr'>putridoe</span> <span class='ocrx_word' id='word_1_91' title='bbox 679 779 758 808; x_wconf 91' lang='lat' dir='ltr'>enim</span> <span class='ocrx_word' id='word_1_92' title='bbox 771 787 875 808; x_wconf 85' lang='lat' dir='ltr'>carnes</span> <span class='ocrx_word' id='word_1_93' title='bbox 889 787 952 807; x_wconf 89' lang='lat' dir='ltr'>non</span> <span class='ocrx_word' id='word_1_94' title='bbox 966 778 1018 807; x_wconf 90' lang='lat' dir='ltr'>do-</span> 
     </span>
     <span class='ocr_line' id='line_1_14' title="bbox 237 826 1019 863; baseline -0.001 -8"><span class='ocrx_word' id='word_1_95' title='bbox 237 827 308 855; x_wconf 91' lang='lat' dir='ltr'>lent.</span> <span class='ocrx_word' id='word_1_96' title='bbox 324 827 405 856; x_wconf 83' lang='lat' dir='ltr'><strong>Unde</strong></span> <span class='ocrx_word' id='word_1_97' title='bbox 420 827 493 855; x_wconf 82' lang='lat' dir='ltr'>tales</span> <span class='ocrx_word' id='word_1_98' title='bbox 506 826 655 861; x_wconf 89' lang='lat' dir='ltr'>homines,</span> <span class='ocrx_word' id='word_1_99' title='bbox 675 826 728 863; x_wconf 89' lang='lat' dir='ltr'>qui</span> <span class='ocrx_word' id='word_1_100' title='bbox 745 834 814 855; x_wconf 88' lang='lat' dir='ltr'>raro</span> <span class='ocrx_word' id='word_1_101' title='bbox 829 826 1019 861; x_wconf 84' lang='lat' dir='ltr'>confitentur,</span> 
     </span>
     <span class='ocr_line' id='line_1_15' title="bbox 237 873 1019 911; baseline -0.001 -8"><span class='ocrx_word' id='word_1_102' title='bbox 237 876 418 911; x_wconf 88' lang='lat' dir='ltr'>putrescunt,</span> <span class='ocrx_word' id='word_1_103' title='bbox 433 874 507 902; x_wconf 90' lang='lat' dir='ltr'>dum</span> <span class='ocrx_word' id='word_1_104' title='bbox 522 874 553 902; x_wconf 91' lang='lat' dir='ltr'>in</span> <span class='ocrx_word' id='word_1_105' title='bbox 574 873 661 902; x_wconf 90' lang='lat' dir='ltr'>malis</span> <span class='ocrx_word' id='word_1_106' title='bbox 682 873 747 910; x_wconf 88' lang='lat' dir='ltr'>ipsa</span> <span class='ocrx_word' id='word_1_107' title='bbox 769 873 850 902; x_wconf 83' lang='lat' dir='ltr'>mala</span> <span class='ocrx_word' id='word_1_108' title='bbox 870 880 932 902; x_wconf 91' lang='lat' dir='ltr'>non</span> <span class='ocrx_word' id='word_1_109' title='bbox 954 881 1019 902; x_wconf 90' lang='lat' dir='ltr'>sen-</span> 
     </span>
     <span class='ocr_line' id='line_1_16' title="bbox 238 920 1020 957; baseline 0 -8"><span class='ocrx_word' id='word_1_110' title='bbox 238 921 327 957; x_wconf 89' lang='lat' dir='ltr'>tiunt,</span> <span class='ocrx_word' id='word_1_111' title='bbox 352 921 405 950; x_wconf 88' lang='lat' dir='ltr'>sed</span> <span class='ocrx_word' id='word_1_112' title='bbox 429 920 466 949; x_wconf 84' lang='lat' dir='ltr'>ad</span> <span class='ocrx_word' id='word_1_113' title='bbox 491 921 593 949; x_wconf 86' lang='lat' dir='ltr'>omnia</span> <span class='ocrx_word' id='word_1_114' title='bbox 612 920 692 948; x_wconf 85' lang='lat' dir='ltr'>mala</span> <span class='ocrx_word' id='word_1_115' title='bbox 720 920 806 956; x_wconf 81' lang='lat' dir='ltr'>quasi</span> <span class='ocrx_word' id='word_1_116' title='bbox 833 920 1020 949; x_wconf 83' lang='lat' dir='ltr'>insensibiles</span> 
     </span>
     <span class='ocr_line' id='line_1_17' title="bbox 237 967 1019 1004; baseline -0.001 -7"><span class='ocrx_word' id='word_1_117' title='bbox 237 970 316 1004; x_wconf 85' lang='lat' dir='ltr'>sunt,</span> <span class='ocrx_word' id='word_1_118' title='bbox 332 970 360 997; x_wconf 89' lang='lat' dir='ltr'>et</span> <span class='ocrx_word' id='word_1_119' title='bbox 378 968 446 996; x_wconf 89' lang='lat' dir='ltr'>ideo</span> <span class='ocrx_word' id='word_1_120' title='bbox 469 967 650 996; x_wconf 78' lang='lat' dir='ltr'>medicinam</span> <span class='ocrx_word' id='word_1_121' title='bbox 671 967 836 995; x_wconf 89' lang='lat' dir='ltr'>curativam</span> <span class='ocrx_word' id='word_1_122' title='bbox 856 975 917 996; x_wconf 88' lang='lat' dir='ltr'>non</span> <span class='ocrx_word' id='word_1_123' title='bbox 936 976 1019 1004; x_wconf 85' lang='lat' dir='ltr'>quoe-</span> 
     </span>
     <span class='ocr_line' id='line_1_18' title="bbox 238 1013 1019 1050; baseline -0.001 -6"><span class='ocrx_word' id='word_1_124' title='bbox 238 1017 316 1044; x_wconf 88' lang='lat' dir='ltr'>runt.</span> <span class='ocrx_word' id='word_1_125' title='bbox 343 1015 424 1043; x_wconf 83' lang='lat' dir='ltr'>Unde</span> <span class='ocrx_word' id='word_1_126' title='bbox 448 1014 612 1043; x_wconf 83' lang='lat' dir='ltr'>Bcrnardus</span> <span class='ocrx_word' id='word_1_127' title='bbox 634 1014 768 1042; x_wconf 87' lang='lat' dir='ltr'>scribens</span> <span class='ocrx_word' id='word_1_128' title='bbox 788 1013 827 1042; x_wconf 87' lang='lat' dir='ltr'>ad</span> <span class='ocrx_word' id='word_1_129' title='bbox 853 1015 1019 1050; x_wconf 79' lang='lat' dir='ltr'>Eugenium</span> 
     </span>
     <span class='ocr_line' id='line_1_19' title="bbox 239 1062 1020 1101; baseline 0 -10"><span class='ocrx_word' id='word_1_130' title='bbox 239 1066 359 1101; x_wconf 85' lang='lat' dir='ltr'>Papam,</span> <span class='ocrx_word' id='word_1_131' title='bbox 376 1063 428 1100; x_wconf 87' lang='lat' dir='ltr'>qui</span> <span class='ocrx_word' id='word_1_132' title='bbox 445 1062 623 1091; x_wconf 87' lang='lat' dir='ltr'>sublimatus</span> <span class='ocrx_word' id='word_1_133' title='bbox 644 1064 705 1090; x_wconf 88' lang='lat' dir='ltr'>erat</span> <span class='ocrx_word' id='word_1_134' title='bbox 722 1062 761 1090; x_wconf 90' lang='lat' dir='ltr'>ad</span> <span class='ocrx_word' id='word_1_135' title='bbox 775 1062 877 1090; x_wconf 89' lang='lat' dir='ltr'>sedem</span> <span class='ocrx_word' id='word_1_136' title='bbox 901 1065 1020 1099; x_wconf 82' lang='lat' dir='ltr'>aposto-</span> 
     </span>
     <span class='ocr_line' id='line_1_20' title="bbox 238 1109 1022 1145; baseline -0.001 -6"><span class='ocrx_word' id='word_1_137' title='bbox 238 1111 339 1145; x_wconf 84' lang='lat' dir='ltr'>licam,</span> <span class='ocrx_word' id='word_1_138' title='bbox 354 1110 394 1139; x_wconf 85' lang='lat' dir='ltr'>ait</span> <span class='ocrx_word' id='word_1_139' title='bbox 408 1110 435 1138; x_wconf 88' lang='lat' dir='ltr'>ei</span> <span class='ocrx_word' id='word_1_140' title='bbox 449 1110 458 1127; x_wconf 81' lang='lat'>²</span> <span class='ocrx_word' id='word_1_141' title='bbox 474 1120 480 1138; x_wconf 92' lang='lat'>:</span> <span class='ocrx_word' id='word_1_142' title='bbox 498 1120 511 1136; x_wconf 77' lang='grc' dir='ltr'>α</span> <span class='ocrx_word' id='word_1_143' title='bbox 524 1109 552 1138; x_wconf 90' lang='lat' dir='ltr'>Si</span> <span class='ocrx_word' id='word_1_144' title='bbox 567 1109 663 1144; x_wconf 90' lang='lat' dir='ltr'>doles,</span> <span class='ocrx_word' id='word_1_145' title='bbox 680 1109 845 1144; x_wconf 88' lang='lat' dir='ltr'>condoleo;</span> <span class='ocrx_word' id='word_1_146' title='bbox 857 1110 880 1137; x_wconf 89' lang='lat' dir='ltr'>si</span> <span class='ocrx_word' id='word_1_147' title='bbox 896 1117 958 1138; x_wconf 92' lang='lat' dir='ltr'>non</span> <span class='ocrx_word' id='word_1_148' title='bbox 968 1110 1022 1138; x_wconf 89' lang='lat' dir='ltr'>do-</span> 
     </span>
     <span class='ocr_line' id='line_1_21' title="bbox 238 1157 1021 1193; baseline 0 -7"><span class='ocrx_word' id='word_1_149' title='bbox 238 1157 296 1193; x_wconf 90' lang='lat' dir='ltr'>les,</span> <span class='ocrx_word' id='word_1_150' title='bbox 323 1157 428 1193; x_wconf 88' lang='lat' dir='ltr'>doleo;</span> <span class='ocrx_word' id='word_1_151' title='bbox 459 1159 558 1185; x_wconf 86' lang='lat' dir='ltr'>tamen</span> <span class='ocrx_word' id='word_1_152' title='bbox 582 1157 658 1185; x_wconf 83' lang='lat' dir='ltr'>scias</span> <span class='ocrx_word' id='word_1_153' title='bbox 681 1157 773 1192; x_wconf 84' lang='lat' dir='ltr'>longe</span> <span class='ocrx_word' id='word_1_154' title='bbox 797 1165 815 1185; x_wconf 89' lang='lat' dir='ltr'>a</span> <span class='ocrx_word' id='word_1_155' title='bbox 841 1157 935 1186; x_wconf 86' lang='lat' dir='ltr'>salute</span> <span class='ocrx_word' id='word_1_156' title='bbox 958 1166 1021 1186; x_wconf 83' lang='lat' dir='ltr'>esse</span> 
     </span>
     <span class='ocr_line' id='line_1_22' title="bbox 237 1203 1022 1241; baseline -0.001 -8"><span class='ocrx_word' id='word_1_157' title='bbox 237 1204 419 1239; x_wconf 86' lang='lat' dir='ltr'>membrum,</span> <span class='ocrx_word' id='word_1_158' title='bbox 435 1203 519 1241; x_wconf 88' lang='lat' dir='ltr'>quod</span> <span class='ocrx_word' id='word_1_159' title='bbox 535 1203 698 1240; x_wconf 71' lang='lat' dir='ltr'>obstupuit,</span> <span class='ocrx_word' id='word_1_160' title='bbox 715 1205 743 1232; x_wconf 91' lang='lat' dir='ltr'>et</span> <span class='ocrx_word' id='word_1_161' title='bbox 754 1212 868 1239; x_wconf 67' lang='lat' dir='ltr'>tegi-um</span> <span class='ocrx_word' id='word_1_162' title='bbox 883 1212 943 1232; x_wconf 92' lang='lat' dir='ltr'>non</span> <span class='ocrx_word' id='word_1_163' title='bbox 954 1212 1022 1232; x_wconf 86' lang='lat' dir='ltr'>sen-</span> 
     </span>
     <span class='ocr_line' id='line_1_23' title="bbox 239 1250 1021 1288; baseline -0.001 -8"><span class='ocrx_word' id='word_1_164' title='bbox 239 1251 358 1280; x_wconf 89' lang='lat' dir='ltr'>tientem</span> <span class='ocrx_word' id='word_1_165' title='bbox 374 1251 570 1287; x_wconf 84' lang='lat' dir='ltr'>periculosius</span> <span class='ocrx_word' id='word_1_166' title='bbox 585 1250 732 1279; x_wconf 80' lang='lat' dir='ltr'>laborare.</span> <span class='ocrx_word' id='word_1_167' title='bbox 751 1261 764 1277; x_wconf 75' lang='lat' dir='ltr'>u</span> <span class='ocrx_word' id='word_1_168' title='bbox 783 1250 863 1279; x_wconf 72' lang='lat' dir='ltr'>[nile</span> <span class='ocrx_word' id='word_1_169' title='bbox 875 1251 1021 1288; x_wconf 79' lang='lat' dir='ltr'>Propheta</span> 
     </span>
     <span class='ocr_line' id='line_1_24' title="bbox 239 1297 1022 1332; baseline 0 -6"><span class='ocrx_word' id='word_1_170' title='bbox 239 1298 358 1326; x_wconf 89' lang='lat' dir='ltr'>dicebat</span> <span class='ocrx_word' id='word_1_171' title='bbox 373 1299 404 1326; x_wconf 77' lang='lat'>³:</span> <span class='ocrx_word' id='word_1_172' title='bbox 430 1308 443 1323; x_wconf 90' lang='lat'>«</span> <span class='ocrx_word' id='word_1_173' title='bbox 465 1297 639 1326; x_wconf 80' lang='lat' dir='ltr'>{lumiliatus</span> <span class='ocrx_word' id='word_1_174' title='bbox 662 1306 728 1326; x_wconf 77' lang='lat' dir='ltr'>suin</span> <span class='ocrx_word' id='word_1_175' title='bbox 748 1298 852 1332; x_wconf 76' lang='lat' dir='ltr'>nimis,</span> <span class='ocrx_word' id='word_1_176' title='bbox 873 1301 900 1326; x_wconf 87' lang='lat' dir='ltr'>et</span> <span class='ocrx_word' id='word_1_177' title='bbox 922 1298 988 1326; x_wconf 85' lang='lat' dir='ltr'>silui</span> <span class='ocrx_word' id='word_1_178' title='bbox 1005 1306 1022 1326; x_wconf 87' lang='lat' dir='ltr'>a</span> 
     </span>
     <span class='ocr_line' id='line_1_25' title="bbox 240 1345 1022 1382; baseline -0.001 -8"><span class='ocrx_word' id='word_1_179' title='bbox 240 1346 337 1380; x_wconf 85' lang='lat' dir='ltr'>bonis,</span> <span class='ocrx_word' id='word_1_180' title='bbox 353 1348 381 1374; x_wconf 91' lang='lat' dir='ltr'>et</span> <span class='ocrx_word' id='word_1_181' title='bbox 395 1345 483 1373; x_wconf 92' lang='lat' dir='ltr'>dolor</span> <span class='ocrx_word' id='word_1_182' title='bbox 497 1354 581 1374; x_wconf 87' lang='lat' dir='ltr'>meus</span> <span class='ocrx_word' id='word_1_183' title='bbox 597 1349 755 1374; x_wconf 80' lang='lat' dir='ltr'>renovatus</span> <span class='ocrx_word' id='word_1_184' title='bbox 770 1348 826 1380; x_wconf 80' lang='lat' dir='ltr'>est3</span> <span class='ocrx_word' id='word_1_185' title='bbox 845 1356 858 1372; x_wconf 78' lang='lat' dir='ltr'>n</span> <span class='ocrx_word' id='word_1_186' title='bbox 876 1346 960 1382; x_wconf 84' lang='lat' dir='ltr'>quasi</span> <span class='ocrx_word' id='word_1_187' title='bbox 977 1346 1022 1373; x_wconf 88' lang='lat' dir='ltr'>di-</span> 
     </span>
     <span class='ocr_line' id='line_1_26' title="bbox 241 1393 1022 1429; baseline 0 -7"><span class='ocrx_word' id='word_1_188' title='bbox 241 1396 286 1422; x_wconf 85' lang='lat' dir='ltr'>cat</span> <span class='ocrx_word' id='word_1_189' title='bbox 303 1404 309 1422; x_wconf 88' lang='lat'>:</span> <span class='ocrx_word' id='word_1_190' title='bbox 327 1393 401 1428; x_wconf 78' lang='lat' dir='ltr'>Quia</span> <span class='ocrx_word' id='word_1_191' title='bbox 415 1402 433 1422; x_wconf 85' lang='lat' dir='ltr'>a</span> <span class='ocrx_word' id='word_1_192' title='bbox 448 1394 534 1421; x_wconf 88' lang='lat' dir='ltr'>bonis</span> <span class='ocrx_word' id='word_1_193' title='bbox 553 1394 631 1428; x_wconf 87' lang='lat' dir='ltr'>silui,</span> <span class='ocrx_word' id='word_1_194' title='bbox 648 1394 677 1421; x_wconf 86' lang='lat' dir='ltr'>id</span> <span class='ocrx_word' id='word_1_195' title='bbox 700 1396 752 1428; x_wconf 77' lang='lat' dir='ltr'>est,</span> <span class='ocrx_word' id='word_1_196' title='bbox 770 1394 903 1422; x_wconf 83' lang='lat' dir='ltr'>confiteri</span> <span class='ocrx_word' id='word_1_197' title='bbox 920 1394 1022 1429; x_wconf 90' lang='lat' dir='ltr'>nolui,</span> 
     </span>
     <span class='ocr_line' id='line_1_27' title="bbox 241 1441 1021 1476; baseline 0 -7"><span class='ocrx_word' id='word_1_198' title='bbox 241 1441 309 1469; x_wconf 86' lang='lat' dir='ltr'>idco</span> <span class='ocrx_word' id='word_1_199' title='bbox 329 1442 403 1469; x_wconf 84' lang='lat' dir='ltr'>Deus</span> <span class='ocrx_word' id='word_1_200' title='bbox 418 1441 447 1468; x_wconf 92' lang='lat' dir='ltr'>in</span> <span class='ocrx_word' id='word_1_201' title='bbox 463 1449 551 1476; x_wconf 72' lang='lat' dir='ltr'>poma</span> <span class='ocrx_word' id='word_1_202' title='bbox 568 1449 614 1468; x_wconf 88' lang='lat' dir='ltr'>mc</span> <span class='ocrx_word' id='word_1_203' title='bbox 635 1441 813 1475; x_wconf 78' lang='lat' dir='ltr'>humiliavit,</span> <span class='ocrx_word' id='word_1_204' title='bbox 837 1444 863 1469; x_wconf 85' lang='lat' dir='ltr'>et</span> <span class='ocrx_word' id='word_1_205' title='bbox 884 1441 1021 1469; x_wconf 85' lang='lat' dir='ltr'>dolorem</span> 
     </span>
     <span class='ocr_line' id='line_1_28' title="bbox 241 1488 1023 1525; baseline 0 -9"><span class='ocrx_word' id='word_1_206' title='bbox 241 1496 330 1525; x_wconf 87' lang='lat' dir='ltr'>super</span> <span class='ocrx_word' id='word_1_207' title='bbox 345 1496 392 1516; x_wconf 90' lang='lat' dir='ltr'>me</span> <span class='ocrx_word' id='word_1_208' title='bbox 416 1488 579 1516; x_wconf 81' lang='lat' dir='ltr'>innovavit.</span> <span class='ocrx_word' id='word_1_209' title='bbox 605 1488 690 1522; x_wconf 85' lang='lat' dir='ltr'>Quod</span> <span class='ocrx_word' id='word_1_210' title='bbox 713 1489 841 1516; x_wconf 79' lang='lat' dir='ltr'>maxime</span> <span class='ocrx_word' id='word_1_211' title='bbox 858 1488 936 1523; x_wconf 88' lang='lat' dir='ltr'>t&#39;acit,</span> <span class='ocrx_word' id='word_1_212' title='bbox 954 1497 1023 1516; x_wconf 92' lang='lat' dir='ltr'>cum</span> 
     </span>
     <span class='ocr_line' id='line_1_29' title="bbox 242 1534 717 1564; baseline -0.002 -1"><span class='ocrx_word' id='word_1_213' title='bbox 242 1535 394 1564; x_wconf 69' lang='lat' dir='ltr'>hominem</span> <span class='ocrx_word' id='word_1_214' title='bbox 409 1535 447 1563; x_wconf 83' lang='lat' dir='ltr'>ad</span> <span class='ocrx_word' id='word_1_215' title='bbox 464 1534 611 1563; x_wconf 80' lang='lat' dir='ltr'>infernum</span> <span class='ocrx_word' id='word_1_216' title='bbox 627 1535 717 1563; x_wconf 87' lang='lat' dir='ltr'>ducit.</span> 
     </span>
    </p>

    <p class='ocr_par' dir='ltr' id='par_1_3' title="bbox 243 1582 1032 2511">
     <span class='ocr_line' id='line_1_30' title="bbox 277 1582 1025 1618; baseline 0 -7"><span class='ocrx_word' id='word_1_217' title='bbox 277 1583 371 1611; x_wconf 88' lang='lat' dir='ltr'>Tertia</span> <span class='ocrx_word' id='word_1_218' title='bbox 394 1582 545 1610; x_wconf 84' lang='lat' dir='ltr'>humilitas</span> <span class='ocrx_word' id='word_1_219' title='bbox 567 1584 609 1610; x_wconf 88' lang='lat' dir='ltr'>est</span> <span class='ocrx_word' id='word_1_220' title='bbox 628 1582 736 1618; x_wconf 78' lang='lat' dir='ltr'>operis,</span> <span class='ocrx_word' id='word_1_221' title='bbox 753 1591 819 1618; x_wconf 81' lang='lat' dir='ltr'>quae</span> <span class='ocrx_word' id='word_1_222' title='bbox 843 1582 873 1610; x_wconf 88' lang='lat' dir='ltr'>in</span> <span class='ocrx_word' id='word_1_223' title='bbox 893 1583 1025 1611; x_wconf 80' lang='lat' dir='ltr'>satisfac-</span> 
     </span>
     <span class='ocr_line' id='line_1_31' title="bbox 243 1629 1026 1665; baseline 0.001 -8"><span class='ocrx_word' id='word_1_224' title='bbox 243 1629 322 1658; x_wconf 84' lang='lat' dir='ltr'>tione</span> <span class='ocrx_word' id='word_1_225' title='bbox 337 1637 408 1657; x_wconf 59' lang='lat' dir='ltr'>vira</span> <span class='ocrx_word' id='word_1_226' title='bbox 423 1629 562 1657; x_wconf 82' lang='lat' dir='ltr'>consistit.</span> <span class='ocrx_word' id='word_1_227' title='bbox 587 1629 656 1657; x_wconf 86' lang='lat' dir='ltr'>ilinc</span> <span class='ocrx_word' id='word_1_228' title='bbox 672 1629 779 1657; x_wconf 70' lang='lat' dir='ltr'>(licitur</span> <span class='ocrx_word' id='word_1_229' title='bbox 795 1630 803 1645; x_wconf 67' lang='lat'><strong>⁵</strong></span> <span class='ocrx_word' id='word_1_230' title='bbox 819 1630 902 1665; x_wconf 85' lang='lat' dir='ltr'>quod</span> <span class='ocrx_word' id='word_1_231' title='bbox 925 1631 1026 1658; x_wconf 62' lang='lat' dir='ltr'>Esther</span> 
     </span>
     <span class='ocr_line' id='line_1_32' title="bbox 247 1676 1027 1713; baseline 0.003 -10"><span class='ocrx_word' id='word_1_232' title='bbox 247 1687 259 1703; x_wconf 70' lang='grc' dir='ltr'>ι(</span> <span class='ocrx_word' id='word_1_233' title='bbox 287 1685 396 1713; x_wconf 90' lang='lat' dir='ltr'>corpus</span> <span class='ocrx_word' id='word_1_234' title='bbox 417 1685 505 1704; x_wconf 84' lang='lat' dir='ltr'>suum</span> <span class='ocrx_word' id='word_1_235' title='bbox 529 1676 706 1704; x_wconf 84' lang='lat' dir='ltr'>humiliavit.</span> <span class='ocrx_word' id='word_1_236' title='bbox 733 1687 746 1702; x_wconf 91' lang='lat'>»</span> <span class='ocrx_word' id='word_1_237' title='bbox 769 1676 845 1710; x_wconf 79' lang='lat' dir='ltr'>Quid</span> <span class='ocrx_word' id='word_1_238' title='bbox 870 1677 949 1704; x_wconf 88' lang='lat' dir='ltr'>eniiu</span> <span class='ocrx_word' id='word_1_239' title='bbox 973 1678 1027 1705; x_wconf 83' lang='lat' dir='ltr'>suit</span> 
     </span>
     <span class='ocr_line' id='line_1_33' title="bbox 244 1723 1026 1760; baseline 0.001 -9"><span class='ocrx_word' id='word_1_240' title='bbox 244 1732 351 1760; x_wconf 83' lang='lat' dir='ltr'>corpus</span> <span class='ocrx_word' id='word_1_241' title='bbox 364 1723 532 1757; x_wconf 76' lang='lat' dir='ltr'>humiliare,</span> <span class='ocrx_word' id='word_1_242' title='bbox 548 1723 603 1750; x_wconf 80' lang='lat' dir='ltr'>nisi</span> <span class='ocrx_word' id='word_1_243' title='bbox 620 1723 648 1750; x_wconf 94' lang='lat' dir='ltr'>in</span> <span class='ocrx_word' id='word_1_244' title='bbox 663 1723 769 1757; x_wconf 85' lang='lat' dir='ltr'>cilicio,</span> <span class='ocrx_word' id='word_1_245' title='bbox 787 1723 893 1759; x_wconf 74' lang='lat' dir='ltr'>vigiliis</span> <span class='ocrx_word' id='word_1_246' title='bbox 909 1726 937 1751; x_wconf 84' lang='lat' dir='ltr'>ct</span> <span class='ocrx_word' id='word_1_247' title='bbox 949 1725 1026 1759; x_wconf 84' lang='lat' dir='ltr'>jeju·</span> 
     </span>
     <span class='ocr_line' id='line_1_34' title="bbox 245 1770 1026 1806; baseline 0 -7"><span class='ocrx_word' id='word_1_248' title='bbox 245 1771 300 1799; x_wconf 87' lang='lat' dir='ltr'>niis</span> <span class='ocrx_word' id='word_1_249' title='bbox 314 1773 437 1804; x_wconf 82' lang='lat' dir='ltr'>arctare,</span> <span class='ocrx_word' id='word_1_250' title='bbox 452 1773 479 1798; x_wconf 84' lang='lat' dir='ltr'>ct</span> <span class='ocrx_word' id='word_1_251' title='bbox 501 1770 541 1798; x_wconf 86' lang='lat' dir='ltr'>sic</span> <span class='ocrx_word' id='word_1_252' title='bbox 562 1770 694 1797; x_wconf 86' lang='lat' dir='ltr'>divinam</span> <span class='ocrx_word' id='word_1_253' title='bbox 711 1770 784 1798; x_wconf 88' lang='lat' dir='ltr'>iram</span> <span class='ocrx_word' id='word_1_254' title='bbox 799 1771 937 1806; x_wconf 70' lang='lat' dir='ltr'>placare?</span> <span class='ocrx_word' id='word_1_255' title='bbox 958 1774 1026 1799; x_wconf 81' lang='lat' dir='ltr'>t‘ro-</span> 
     </span>
     <span class='ocr_line' id='line_1_35' title="bbox 245 1817 1027 1854; baseline 0 -9"><span class='ocrx_word' id='word_1_256' title='bbox 245 1820 308 1854; x_wconf 85' lang='lat' dir='ltr'>pter</span> <span class='ocrx_word' id='word_1_257' title='bbox 324 1817 407 1854; x_wconf 85' lang='lat' dir='ltr'>quod</span> <span class='ocrx_word' id='word_1_258' title='bbox 431 1817 575 1853; x_wconf 80' lang='lat' dir='ltr'>Propheta</span> <span class='ocrx_word' id='word_1_259' title='bbox 595 1817 713 1844; x_wconf 82' lang='lat' dir='ltr'>dicebat</span> <span class='ocrx_word' id='word_1_260' title='bbox 728 1818 737 1832; x_wconf 72' lang='lat'>⁵</span> <span class='ocrx_word' id='word_1_261' title='bbox 764 1827 770 1844; x_wconf 89' lang='lat'>:</span> <span class='ocrx_word' id='word_1_262' title='bbox 791 1828 804 1842; x_wconf 85' lang='lat'>«</span> <span class='ocrx_word' id='word_1_263' title='bbox 827 1818 1027 1846; x_wconf 82' lang='lat' dir='ltr'>liuiuiliaham</span> 
     </span>
     <span class='ocr_line' id='line_1_36' title="bbox 247 1864 1028 1901; baseline 0.001 -9"><span class='ocrx_word' id='word_1_264' title='bbox 247 1865 275 1892; x_wconf 91' lang='lat' dir='ltr'>in</span> <span class='ocrx_word' id='word_1_265' title='bbox 294 1864 408 1900; x_wconf 84' lang='lat' dir='ltr'>jejunio</span> <span class='ocrx_word' id='word_1_266' title='bbox 424 1865 556 1892; x_wconf 72' lang='lat' dir='ltr'>animaru</span> <span class='ocrx_word' id='word_1_267' title='bbox 572 1872 679 1892; x_wconf 85' lang='lat' dir='ltr'>meam.</span> <span class='ocrx_word' id='word_1_268' title='bbox 698 1875 710 1889; x_wconf 74' lang='grc' dir='ltr'><strong>υ</strong></span> <span class='ocrx_word' id='word_1_269' title='bbox 729 1866 800 1892; x_wconf 75' lang='lat' dir='ltr'>Nota</span> <span class='ocrx_word' id='word_1_270' title='bbox 822 1865 869 1892; x_wconf 85' lang='lat' dir='ltr'>hic</span> <span class='ocrx_word' id='word_1_271' title='bbox 889 1865 1028 1901; x_wconf 77' lang='lat' dir='ltr'>exempla</span> 
     </span>
     <span class='ocr_line' id='line_1_37' title="bbox 248 1912 1028 1948; baseline 0.003 -9"><span class='ocrx_word' id='word_1_272' title='bbox 248 1912 404 1940; x_wconf 83' lang='lat' dir='ltr'>innumera</span> <span class='ocrx_word' id='word_1_273' title='bbox 429 1912 547 1939; x_wconf 82' lang='lat' dir='ltr'>l’atruin</span> <span class='ocrx_word' id='word_1_274' title='bbox 573 1921 578 1939; x_wconf 88' lang='lat'>:</span> <span class='ocrx_word' id='word_1_275' title='bbox 603 1919 695 1947; x_wconf 83' lang='lat' dir='ltr'>quain</span> <span class='ocrx_word' id='word_1_276' title='bbox 723 1912 862 1940; x_wconf 83' lang='lat' dir='ltr'>continue</span> <span class='ocrx_word' id='word_1_277' title='bbox 886 1913 1028 1948; x_wconf 78' lang='lat' dir='ltr'>orabant,</span> 
     </span>
     <span class='ocr_line' id='line_1_38' title="bbox 249 1958 1028 1995; baseline 0.001 -9"><span class='ocrx_word' id='word_1_278' title='bbox 249 1968 341 1995; x_wconf 85' lang='lat' dir='ltr'>quam</span> <span class='ocrx_word' id='word_1_279' title='bbox 365 1958 482 1986; x_wconf 81' lang='lat' dir='ltr'>assidue</span> <span class='ocrx_word' id='word_1_280' title='bbox 507 1958 687 1993; x_wconf 70' lang='lat' dir='ltr'>vigilabunt,</span> <span class='ocrx_word' id='word_1_281' title='bbox 712 1967 803 1994; x_wconf 83' lang='lat' dir='ltr'>quam</span> <span class='ocrx_word' id='word_1_282' title='bbox 826 1960 892 1987; x_wconf 82' lang='lat' dir='ltr'>sorti</span> <span class='ocrx_word' id='word_1_283' title='bbox 913 1961 1028 1995; x_wconf 80' lang='lat' dir='ltr'>jejunio</span> 
     </span>
     <span class='ocr_line' id='line_1_39' title="bbox 249 2006 1029 2041; baseline 0 -7"><span class='ocrx_word' id='word_1_284' title='bbox 249 2014 368 2034; x_wconf 78' lang='lat' dir='ltr'>carnem</span> <span class='ocrx_word' id='word_1_285' title='bbox 384 2006 559 2039; x_wconf 81' lang='lat' dir='ltr'>domabant,</span> <span class='ocrx_word' id='word_1_286' title='bbox 576 2008 603 2032; x_wconf 73' lang='lat' dir='ltr'>rt</span> <span class='ocrx_word' id='word_1_287' title='bbox 618 2006 726 2033; x_wconf 73' lang='lat' dir='ltr'>servire</span> <span class='ocrx_word' id='word_1_288' title='bbox 743 2006 856 2041; x_wconf 61' lang='lat' dir='ltr'>spiritui</span> <span class='ocrx_word' id='word_1_289' title='bbox 877 2007 936 2034; x_wconf 79' lang='lat' dir='ltr'>vim</span> <span class='ocrx_word' id='word_1_290' title='bbox 956 2007 1029 2035; x_wconf 84' lang='lat' dir='ltr'>inse-</span> 
     </span>
     <span class='ocr_line' id='line_1_40' title="bbox 250 2052 1031 2088; baseline 0.001 -7"><span class='ocrx_word' id='word_1_291' title='bbox 250 2053 368 2081; x_wconf 73' lang='lat' dir='ltr'>rebant!</span> <span class='ocrx_word' id='word_1_292' title='bbox 391 2054 463 2080; x_wconf 75' lang='lat' dir='ltr'>Nam</span> <span class='ocrx_word' id='word_1_293' title='bbox 484 2052 608 2088; x_wconf 79' lang='lat' dir='ltr'>quidam</span> <span class='ocrx_word' id='word_1_294' title='bbox 624 2055 741 2079; x_wconf 73' lang='lat' dir='ltr'>sauctus</span> <span class='ocrx_word' id='word_1_295' title='bbox 758 2055 849 2086; x_wconf 73' lang='lat' dir='ltr'>Pater,</span> <span class='ocrx_word' id='word_1_296' title='bbox 872 2062 939 2081; x_wconf 84' lang='lat' dir='ltr'>cuni</span> <span class='ocrx_word' id='word_1_297' title='bbox 957 2057 1031 2082; x_wconf 72' lang='lat' dir='ltr'>essct</span> 
     </span>
     <span class='ocr_line' id='line_1_41' title="bbox 250 2099 1031 2135; baseline 0.001 -8"><span class='ocrx_word' id='word_1_298' title='bbox 250 2100 331 2127; x_wconf 87' lang='lat' dir='ltr'>sortis</span> <span class='ocrx_word' id='word_1_299' title='bbox 347 2099 432 2127; x_wconf 82' lang='lat' dir='ltr'>valde</span> <span class='ocrx_word' id='word_1_300' title='bbox 449 2107 584 2135; x_wconf 79' lang='lat' dir='ltr'>corpore,</span> <span class='ocrx_word' id='word_1_301' title='bbox 608 2108 658 2126; x_wconf 70' lang='lat' dir='ltr'>&gt;cx</span> <span class='ocrx_word' id='word_1_302' title='bbox 674 2099 759 2126; x_wconf 68' lang='lat' dir='ltr'>anuis</span> <span class='ocrx_word' id='word_1_303' title='bbox 780 2101 917 2128; x_wconf 73' lang='lat' dir='ltr'>continue</span> <span class='ocrx_word' id='word_1_304' title='bbox 943 2110 1031 2129; x_wconf 86' lang='lat' dir='ltr'>orans</span> 
     </span>
     <span class='ocr_line' id='line_1_42' title="bbox 250 2146 1030 2184; baseline 0.004 -11"><span class='ocrx_word' id='word_1_305' title='bbox 250 2147 354 2179; x_wconf 76' lang='lat' dir='ltr'>stabat,</span> <span class='ocrx_word' id='word_1_306' title='bbox 369 2154 429 2173; x_wconf 86' lang='lat' dir='ltr'>non</span> <span class='ocrx_word' id='word_1_307' title='bbox 442 2146 603 2179; x_wconf 77' lang='lat' dir='ltr'>dormiens,</span> <span class='ocrx_word' id='word_1_308' title='bbox 615 2154 674 2174; x_wconf 87' lang='lat' dir='ltr'>uon</span> <span class='ocrx_word' id='word_1_309' title='bbox 687 2147 803 2180; x_wconf 84' lang='lat' dir='ltr'>sedens,</span> <span class='ocrx_word' id='word_1_310' title='bbox 816 2155 875 2174; x_wconf 91' lang='lat' dir='ltr'>non</span> <span class='ocrx_word' id='word_1_311' title='bbox 893 2156 1030 2184; x_wconf 77' lang='lat' dir='ltr'>pausans,</span> 
     </span>
     <span class='ocr_line' id='line_1_43' title="bbox 251 2194 1030 2231; baseline 0.003 -10"><span class='ocrx_word' id='word_1_312' title='bbox 251 2194 403 2222; x_wconf 84' lang='lat' dir='ltr'>modicum</span> <span class='ocrx_word' id='word_1_313' title='bbox 421 2194 505 2229; x_wconf 72' lang='lat' dir='ltr'>panis</span> <span class='ocrx_word' id='word_1_314' title='bbox 521 2196 548 2221; x_wconf 80' lang='lat' dir='ltr'>ct</span> <span class='ocrx_word' id='word_1_315' title='bbox 568 2201 654 2229; x_wconf 75' lang='lat' dir='ltr'>aquae</span> <span class='ocrx_word' id='word_1_316' title='bbox 670 2197 735 2230; x_wconf 83' lang='lat' dir='ltr'>post</span> <span class='ocrx_word' id='word_1_317' title='bbox 755 2203 893 2230; x_wconf 72' lang='lat' dir='ltr'>vesperas</span> <span class='ocrx_word' id='word_1_318' title='bbox 913 2196 1030 2231; x_wconf 81' lang='lat' dir='ltr'>corpori</span> 
     </span>
     <span class='ocr_line' id='line_1_44' title="bbox 251 2241 1032 2278; baseline 0.001 -9"><span class='ocrx_word' id='word_1_319' title='bbox 251 2242 382 2273; x_wconf 47' lang='lat' dir='ltr'>donnum</span> <span class='ocrx_word' id='word_1_320' title='bbox 399 2244 425 2268; x_wconf 88' lang='lat' dir='ltr'>et</span> <span class='ocrx_word' id='word_1_321' title='bbox 440 2244 507 2268; x_wconf 88' lang='lat' dir='ltr'>tuuc</span> <span class='ocrx_word' id='word_1_322' title='bbox 523 2241 564 2268; x_wconf 66' lang='lat' dir='ltr'>&gt;ic</span> <span class='ocrx_word' id='word_1_323' title='bbox 580 2241 700 2275; x_wconf 68' lang='lat' dir='ltr'>taciens,</span> <span class='ocrx_word' id='word_1_324' title='bbox 712 2242 912 2269; x_wconf 71' lang='lat' dir='ltr'>fortitudinem</span> <span class='ocrx_word' id='word_1_325' title='bbox 926 2251 1032 2278; x_wconf 86' lang='lat' dir='ltr'>corpo-</span> 
     </span>
     <span class='ocr_line' id='line_1_45' title="bbox 251 2288 1031 2324; baseline 0.003 -9"><span class='ocrx_word' id='word_1_326' title='bbox 251 2288 289 2315; x_wconf 91' lang='lat' dir='ltr'>ris</span> <span class='ocrx_word' id='word_1_327' title='bbox 305 2296 364 2315; x_wconf 90' lang='lat' dir='ltr'>non</span> <span class='ocrx_word' id='word_1_328' title='bbox 381 2288 493 2321; x_wconf 66' lang='lat' dir='ltr'>ainisit3</span> <span class='ocrx_word' id='word_1_329' title='bbox 515 2288 586 2321; x_wconf 83' lang='lat' dir='ltr'>imo,</span> <span class='ocrx_word' id='word_1_330' title='bbox 604 2288 675 2315; x_wconf 81' lang='lat' dir='ltr'>duni</span> <span class='ocrx_word' id='word_1_331' title='bbox 691 2289 781 2315; x_wconf 77' lang='lat' dir='ltr'>scinci</span> <span class='ocrx_word' id='word_1_332' title='bbox 798 2292 926 2324; x_wconf 85' lang='lat' dir='ltr'>quatuor</span> <span class='ocrx_word' id='word_1_333' title='bbox 941 2290 1031 2317; x_wconf 77' lang='lat' dir='ltr'>latro—</span> 
     </span>
     <span class='ocr_line' id='line_1_46' title="bbox 252 2334 1032 2372; baseline 0.003 -9"><span class='ocrx_word' id='word_1_334' title='bbox 252 2344 302 2363; x_wconf 86' lang='lat' dir='ltr'>nes</span> <span class='ocrx_word' id='word_1_335' title='bbox 318 2335 356 2363; x_wconf 84' lang='lat' dir='ltr'>ad</span> <span class='ocrx_word' id='word_1_336' title='bbox 372 2335 435 2369; x_wconf 74' lang='lat' dir='ltr'>ejus</span> <span class='ocrx_word' id='word_1_337' title='bbox 452 2343 497 2361; x_wconf 74' lang='lat' dir='ltr'>ros</span> <span class='ocrx_word' id='word_1_338' title='bbox 515 2334 655 2361; x_wconf 68' lang='lat' dir='ltr'>surauilas</span> <span class='ocrx_word' id='word_1_339' title='bbox 673 2339 814 2367; x_wconf 60' lang='lat' dir='ltr'>cerneret,</span> <span class='ocrx_word' id='word_1_340' title='bbox 836 2336 896 2372; x_wconf 59' lang='lat' dir='ltr'>ipso</span> <span class='ocrx_word' id='word_1_341' title='bbox 918 2346 968 2364; x_wconf 77' lang='lat' dir='ltr'>eos</span> <span class='ocrx_word' id='word_1_342' title='bbox 984 2346 1032 2365; x_wconf 80' lang='lat' dir='ltr'>ac-</span> 
     </span>
     <span class='ocr_line' id='line_1_47' title="bbox 252 2381 1032 2418; baseline 0.003 -9"><span class='ocrx_word' id='word_1_343' title='bbox 252 2382 347 2418; x_wconf 77' lang='lat' dir='ltr'>cepit,</span> <span class='ocrx_word' id='word_1_344' title='bbox 370 2383 398 2409; x_wconf 89' lang='lat' dir='ltr'>ct</span> <span class='ocrx_word' id='word_1_345' title='bbox 419 2381 531 2416; x_wconf 77' lang='lat' dir='ltr'>ligavit,</span> <span class='ocrx_word' id='word_1_346' title='bbox 558 2383 584 2408; x_wconf 71' lang='lat' dir='ltr'>ct</span> <span class='ocrx_word' id='word_1_347' title='bbox 607 2390 696 2417; x_wconf 68' lang='lat' dir='ltr'>super</span> <span class='ocrx_word' id='word_1_348' title='bbox 718 2382 840 2417; x_wconf 79' lang='lat' dir='ltr'>collum,</span> <span class='ocrx_word' id='word_1_349' title='bbox 866 2383 917 2411; x_wconf 88' lang='lat' dir='ltr'>ubi</span> <span class='ocrx_word' id='word_1_350' title='bbox 940 2385 1032 2411; x_wconf 74' lang='lat' dir='ltr'>sancti</span> 
     </span>
     <span class='ocr_line' id='line_1_48' title="bbox 253 2429 1031 2466; baseline 0.003 -10"><span class='ocrx_word' id='word_1_351' title='bbox 253 2431 348 2456; x_wconf 72' lang='lat' dir='ltr'>Patres</span> <span class='ocrx_word' id='word_1_352' title='bbox 363 2430 571 2461; x_wconf 73' lang='lat' dir='ltr'>convenerunt,</span> <span class='ocrx_word' id='word_1_353' title='bbox 589 2429 728 2463; x_wconf 76' lang='lat' dir='ltr'>portavit,</span> <span class='ocrx_word' id='word_1_354' title='bbox 739 2432 841 2456; x_wconf 79' lang='lat' dir='ltr'>ctaute</span> <span class='ocrx_word' id='word_1_355' title='bbox 859 2439 909 2458; x_wconf 75' lang='lat' dir='ltr'>cos</span> <span class='ocrx_word' id='word_1_356' title='bbox 923 2431 1031 2466; x_wconf 77' lang='lat' dir='ltr'>posuit.</span> 
     </span>
     <span class='ocr_line' id='line_1_49' title="bbox 252 2475 1032 2511; baseline 0.003 -9"><span class='ocrx_word' id='word_1_357' title='bbox 252 2478 373 2503; x_wconf 55' lang='lat' dir='ltr'>Sanctus</span> <span class='ocrx_word' id='word_1_358' title='bbox 395 2475 536 2503; x_wconf 78' lang='lat' dir='ltr'>Macarius</span> <span class='ocrx_word' id='word_1_359' title='bbox 560 2475 716 2510; x_wconf 63' lang='lat' dir='ltr'>requisitus</span> <span class='ocrx_word' id='word_1_360' title='bbox 739 2476 774 2503; x_wconf 75' lang='lat' dir='ltr'>de</span> <span class='ocrx_word' id='word_1_361' title='bbox 800 2477 868 2511; x_wconf 53' lang='lat' dir='ltr'>vitii,</span> <span class='ocrx_word' id='word_1_362' title='bbox 893 2477 976 2509; x_wconf 68' lang='lat' dir='ltr'>dmi,</span> <span class='ocrx_word' id='word_1_363' title='bbox 1003 2487 1032 2505; x_wconf 68' lang='lat' dir='ltr'>&gt;te</span> 
     </span>
    </p>
   </div>
   <div class='ocr_carea' id='block_1_3' title="bbox 253 2560 1034 2665">
    <p class='ocr_par' dir='ltr' id='par_1_4' title="bbox 253 2560 1034 2665">
     <span class='ocr_line' id='line_1_50' title="bbox 288 2560 1033 2592; baseline 0.004 -8"><span class='ocrx_word' id='word_1_364' title='bbox 288 2563 291 2574; x_wconf 83' lang='lat'><strong>¹</strong></span> <span class='ocrx_word' id='word_1_365' title='bbox 309 2561 430 2584; x_wconf 63' lang='lat' dir='ltr'>nurum-«l.</span> <span class='ocrx_word' id='word_1_366' title='bbox 445 2574 474 2577; x_wconf 97' lang='lat'><strong>—</strong></span> <span class='ocrx_word' id='word_1_367' title='bbox 491 2561 497 2574; x_wconf 78' lang='lat'>³</span> <span class='ocrx_word' id='word_1_368' title='bbox 516 2560 562 2586; x_wconf 55' lang='grc' dir='ltr'>Ιώ,</span> <span class='ocrx_word' id='word_1_369' title='bbox 581 2560 610 2583; x_wconf 65' lang='lat' dir='ltr'>[Ic</span> <span class='ocrx_word' id='word_1_370' title='bbox 627 2561 738 2588; x_wconf 60' lang='lat' dir='ltr'>som-nl..</span> <span class='ocrx_word' id='word_1_371' title='bbox 755 2562 797 2586; x_wconf 66' lang='lat' dir='ltr'>liin.</span> <span class='ocrx_word' id='word_1_372' title='bbox 816 2563 833 2591; x_wconf 84' lang='lat' dir='ltr'>l,</span> <span class='ocrx_word' id='word_1_373' title='bbox 850 2571 871 2585; x_wconf 73' lang='lat' dir='ltr'>c.</span> <span class='ocrx_word' id='word_1_374' title='bbox 892 2570 908 2592; x_wconf 79' lang='lat'>1,</span> <span class='ocrx_word' id='word_1_375' title='bbox 926 2571 950 2587; x_wconf 83' lang='lat' dir='ltr'>u.</span> <span class='ocrx_word' id='word_1_376' title='bbox 972 2566 990 2587; x_wconf 90' lang='lat' dir='ltr'>i.</span> <span class='ocrx_word' id='word_1_377' title='bbox 1004 2577 1033 2581; x_wconf 96' lang='lat'>—</span> 
     </span>
     <span class='ocr_line' id='line_1_51' title="bbox 253 2596 1034 2628; baseline 0.008 -11"><span class='ocrx_word' id='word_1_378' title='bbox 253 2596 471 2624; x_wconf 61' lang='lat' dir='ltr'>³1¹.·&#39;11l..x.xxxill,</span> <span class='ocrx_word' id='word_1_379' title='bbox 488 2598 552 2619; x_wconf 69' lang='lat'>:2.—</span> <span class='ocrx_word' id='word_1_380' title='bbox 568 2597 577 2611; x_wconf 71' lang='grc'><em>·</em></span> <span class='ocrx_word' id='word_1_381' title='bbox 595 2596 745 2626; x_wconf 61' lang='lat' dir='ltr'>Estt1..x1x·‚</span> <span class='ocrx_word' id='word_1_382' title='bbox 766 2600 784 2620; x_wconf 90' lang='lat' dir='ltr'>t.</span> <span class='ocrx_word' id='word_1_383' title='bbox 797 2611 826 2614; x_wconf 97' lang='lat'><strong>—</strong></span> <span class='ocrx_word' id='word_1_384' title='bbox 841 2599 1034 2628; x_wconf 55' lang='lat' dir='ltr'>⁵1¹›·‹1l.xx.x1v‚</span> 
     </span>
     <span class='ocr_line' id='line_1_52' title="bbox 258 2632 1034 2665; baseline 0.005 -11"><span class='ocrx_word' id='word_1_385' title='bbox 258 2634 339 2654; x_wconf 53' lang='lat'>1³2—</span> <span class='ocrx_word' id='word_1_386' title='bbox 361 2632 551 2660; x_wconf 54' lang='lat' dir='ltr'>¹*il.&#39;‹1reh.,x&#39;ii,</span> <span class='ocrx_word' id='word_1_387' title='bbox 570 2633 673 2655; x_wconf 81' lang='lat' dir='ltr'>ti.—²</span> <span class='ocrx_word' id='word_1_388' title='bbox 696 2633 836 2661; x_wconf 66' lang='lat' dir='ltr'>L11‹·.,xvi,</span> <span class='ocrx_word' id='word_1_389' title='bbox 856 2636 1034 2665; x_wconf 63' lang='lat' dir='ltr'>mulso-1.—</span> 
     </span>
    </p>
   </div>
   <div class='ocr_carea' id='block_1_4' title="bbox 254 2667 1035 2699">
    <p class='ocr_par' dir='ltr' id='par_1_5' title="bbox 254 2667 1035 2699">
     <span class='ocr_line' id='line_1_53' title="bbox 254 2667 1035 2699; baseline 0.005 -9"><span class='ocrx_word' id='word_1_390' title='bbox 254 2667 264 2681; x_wconf 55' lang='grc' dir='ltr'>’ἶ</span> <span class='ocrx_word' id='word_1_391' title='bbox 278 2669 352 2697; x_wconf 56' lang='lat' dir='ltr'>Aua„</span> <span class='ocrx_word' id='word_1_392' title='bbox 369 2674 445 2691; x_wconf 68' lang='lat' dir='ltr'>scrin.</span> <span class='ocrx_word' id='word_1_393' title='bbox 463 2674 571 2698; x_wconf 55' lang='lat' dir='ltr'>«fluxu,</span> <span class='ocrx_word' id='word_1_394' title='bbox 591 2675 614 2692; x_wconf 90' lang='lat' dir='ltr'>u.</span> <span class='ocrx_word' id='word_1_395' title='bbox 631 2669 654 2697; x_wconf 85' lang='lat' dir='ltr'>l,</span> <span class='ocrx_word' id='word_1_396' title='bbox 666 2668 750 2699; x_wconf 72' lang='lat' dir='ltr'>quoad</span> <span class='ocrx_word' id='word_1_397' title='bbox 769 2676 880 2693; x_wconf 54' lang='lat' dir='ltr'>sensum.</span> <span class='ocrx_word' id='word_1_398' title='bbox 902 2684 925 2687; x_wconf 40' lang='lat' dir='ltr'>s·</span> <span class='ocrx_word' id='word_1_399' title='bbox 945 2672 954 2687; x_wconf 57' lang='grc' dir='ltr'>ὓ</span> <span class='ocrx_word' id='word_1_400' title='bbox 970 2671 1035 2694; x_wconf 77' lang='lat' dir='ltr'>ibid.</span> 
     </span>
    </p>
   </div>
   <div class='ocr_carea' id='block_1_5' title="bbox 1069 259 1863 1620">
    <p class='ocr_par' dir='ltr' id='par_1_6' title="bbox 1069 259 1863 1620">
     <span class='ocr_line' id='line_1_54' title="bbox 1069 259 1854 300; baseline 0.006 -13"><span class='ocrx_word' id='word_1_401' title='bbox 1069 259 1175 296; x_wconf 78' lang='lat' dir='ltr'>viginti</span> <span class='ocrx_word' id='word_1_402' title='bbox 1188 260 1275 289; x_wconf 81' lang='lat' dir='ltr'>annis</span> <span class='ocrx_word' id='word_1_403' title='bbox 1284 268 1442 298; x_wconf 82' lang='lat' dir='ltr'>nunquam</span> <span class='ocrx_word' id='word_1_404' title='bbox 1450 261 1589 290; x_wconf 81' lang='lat' dir='ltr'>satiatum</span> <span class='ocrx_word' id='word_1_405' title='bbox 1598 267 1689 299; x_wconf 79' lang='lat' dir='ltr'>pane,</span> <span class='ocrx_word' id='word_1_406' title='bbox 1696 269 1753 291; x_wconf 85' lang='lat' dir='ltr'>nec</span> <span class='ocrx_word' id='word_1_407' title='bbox 1761 269 1854 300; x_wconf 79' lang='lat' dir='ltr'>aqua,</span> 
     </span>
     <span class='ocr_line' id='line_1_55' title="bbox 1069 307 1855 347; baseline 0.005 -11"><span class='ocrx_word' id='word_1_408' title='bbox 1069 314 1126 336; x_wconf 83' lang='lat' dir='ltr'>nec</span> <span class='ocrx_word' id='word_1_409' title='bbox 1138 315 1257 337; x_wconf 87' lang='lat' dir='ltr'>somno.</span> <span class='ocrx_word' id='word_1_410' title='bbox 1272 309 1349 345; x_wconf 80' lang='lat' dir='ltr'>Ergo</span> <span class='ocrx_word' id='word_1_411' title='bbox 1358 308 1390 337; x_wconf 89' lang='lat' dir='ltr'>in</span> <span class='ocrx_word' id='word_1_412' title='bbox 1407 308 1522 338; x_wconf 81' lang='lat' dir='ltr'>deliciis</span> <span class='ocrx_word' id='word_1_413' title='bbox 1533 307 1734 339; x_wconf 73' lang='lat' dir='ltr'>damnationis</span> <span class='ocrx_word' id='word_1_414' title='bbox 1745 309 1800 339; x_wconf 83' lang='lat' dir='ltr'>filii</span> <span class='ocrx_word' id='word_1_415' title='bbox 1809 310 1855 347; x_wconf 74' lang='lat' dir='ltr'>ia-</span> 
     </span>
     <span class='ocr_line' id='line_1_56' title="bbox 1072 355 1854 394; baseline 0.004 -11"><span class='ocrx_word' id='word_1_416' title='bbox 1072 356 1152 390; x_wconf 84' lang='lat' dir='ltr'>cent,</span> <span class='ocrx_word' id='word_1_417' title='bbox 1173 357 1202 384; x_wconf 89' lang='lat' dir='ltr'>et</span> <span class='ocrx_word' id='word_1_418' title='bbox 1222 355 1377 384; x_wconf 89' lang='lat' dir='ltr'>dormiunt</span> <span class='ocrx_word' id='word_1_419' title='bbox 1397 355 1430 384; x_wconf 91' lang='lat' dir='ltr'>in</span> <span class='ocrx_word' id='word_1_420' title='bbox 1449 355 1533 385; x_wconf 88' lang='lat' dir='ltr'>lectis</span> <span class='ocrx_word' id='word_1_421' title='bbox 1553 355 1678 392; x_wconf 74' lang='lat' dir='ltr'>amplis,</span> <span class='ocrx_word' id='word_1_422' title='bbox 1695 363 1854 394; x_wconf 78' lang='lat' dir='ltr'>nunquam</span> 
     </span>
     <span class='ocr_line' id='line_1_57' title="bbox 1071 402 1854 440; baseline 0.004 -10"><span class='ocrx_word' id='word_1_423' title='bbox 1071 403 1169 436; x_wconf 87' lang='lat' dir='ltr'>orant,</span> <span class='ocrx_word' id='word_1_424' title='bbox 1182 409 1340 439; x_wconf 72' lang='lat' dir='ltr'>nunquam</span> <span class='ocrx_word' id='word_1_425' title='bbox 1359 403 1505 440; x_wconf 86' lang='lat' dir='ltr'>jejunant.</span> <span class='ocrx_word' id='word_1_426' title='bbox 1523 404 1557 432; x_wconf 84' lang='lat' dir='ltr'>Et</span> <span class='ocrx_word' id='word_1_427' title='bbox 1569 402 1633 432; x_wconf 80' lang='lat' dir='ltr'>haec</span> <span class='ocrx_word' id='word_1_428' title='bbox 1647 403 1691 432; x_wconf 83' lang='lat' dir='ltr'>est</span> <span class='ocrx_word' id='word_1_429' title='bbox 1707 402 1770 439; x_wconf 77' lang='lat' dir='ltr'>vin,</span> <span class='ocrx_word' id='word_1_430' title='bbox 1782 405 1854 433; x_wconf 84' lang='lat' dir='ltr'>teste</span> 
     </span>
     <span class='ocr_line' id='line_1_58' title="bbox 1071 448 1856 487; baseline 0.004 -11"><span class='ocrx_word' id='word_1_431' title='bbox 1071 448 1208 484; x_wconf 81' lang='lat' dir='ltr'>veritate,</span> <span class='ocrx_word' id='word_1_432' title='bbox 1220 457 1289 486; x_wconf 78' lang='lat' dir='ltr'>quae</span> <span class='ocrx_word' id='word_1_433' title='bbox 1299 449 1383 478; x_wconf 86' lang='lat' dir='ltr'>ducit</span> <span class='ocrx_word' id='word_1_434' title='bbox 1393 449 1568 480; x_wconf 80' lang='lat' dir='ltr'>admortem</span> <span class='ocrx_word' id='word_1_435' title='bbox 1581 459 1589 478; x_wconf 89' lang='lat'>:</span> <span class='ocrx_word' id='word_1_436' title='bbox 1601 449 1674 487; x_wconf 85' lang='lat' dir='ltr'>quia</span> <span class='ocrx_word' id='word_1_437' title='bbox 1687 457 1750 479; x_wconf 89' lang='lat' dir='ltr'>non</span> <span class='ocrx_word' id='word_1_438' title='bbox 1758 449 1856 480; x_wconf 77' lang='lat' dir='ltr'>lataet</span> 
     </span>
     <span class='ocr_line' id='line_1_59' title="bbox 1072 495 1858 534; baseline 0.004 -11"><span class='ocrx_word' id='word_1_439' title='bbox 1072 496 1216 532; x_wconf 81' lang='lat' dir='ltr'>spatiosa,</span> <span class='ocrx_word' id='word_1_440' title='bbox 1229 495 1284 524; x_wconf 89' lang='lat' dir='ltr'>sed</span> <span class='ocrx_word' id='word_1_441' title='bbox 1293 496 1304 514; x_wconf 83' lang='lat'>⁸</span> <span class='ocrx_word' id='word_1_442' title='bbox 1317 507 1332 523; x_wconf 76' lang='grc' dir='ltr'>ι</span> <span class='ocrx_word' id='word_1_443' title='bbox 1341 498 1425 526; x_wconf 76' lang='lat' dir='ltr'>areta</span> <span class='ocrx_word' id='word_1_444' title='bbox 1433 497 1568 526; x_wconf 83' lang='lat' dir='ltr'>etstricta</span> <span class='ocrx_word' id='word_1_445' title='bbox 1576 499 1620 526; x_wconf 88' lang='lat' dir='ltr'>est</span> <span class='ocrx_word' id='word_1_446' title='bbox 1628 497 1688 533; x_wconf 86' lang='lat' dir='ltr'>via,</span> <span class='ocrx_word' id='word_1_447' title='bbox 1699 505 1767 534; x_wconf 73' lang='lat' dir='ltr'>quoe</span> <span class='ocrx_word' id='word_1_448' title='bbox 1774 497 1858 527; x_wconf 84' lang='lat' dir='ltr'>ducit</span> 
     </span>
     <span class='ocr_line' id='line_1_60' title="bbox 1073 541 1855 581; baseline 0.004 -11"><span class='ocrx_word' id='word_1_449' title='bbox 1073 541 1114 570; x_wconf 88' lang='lat' dir='ltr'>ad</span> <span class='ocrx_word' id='word_1_450' title='bbox 1130 543 1234 572; x_wconf 72' lang='lat' dir='ltr'>vitam.</span> <span class='ocrx_word' id='word_1_451' title='bbox 1246 553 1260 570; x_wconf 74' lang='lat' dir='ltr'>n</span> <span class='ocrx_word' id='word_1_452' title='bbox 1274 543 1371 577; x_wconf 81' lang='lat' dir='ltr'>Quare</span> <span class='ocrx_word' id='word_1_453' title='bbox 1385 543 1522 580; x_wconf 85' lang='lat' dir='ltr'>vosipsos</span> <span class='ocrx_word' id='word_1_454' title='bbox 1534 544 1688 581; x_wconf 69' lang='lat' dir='ltr'>decipitis?</span> <span class='ocrx_word' id='word_1_455' title='bbox 1697 543 1855 580; x_wconf 76' lang='lat' dir='ltr'>Attendite,</span> 
     </span>
     <span class='ocr_line' id='line_1_61' title="bbox 1073 589 1856 627; baseline 0.004 -9"><span class='ocrx_word' id='word_1_456' title='bbox 1073 589 1141 626; x_wconf 83' lang='lat' dir='ltr'>quis</span> <span class='ocrx_word' id='word_1_457' title='bbox 1154 590 1330 619; x_wconf 79' lang='lat' dir='ltr'>Sanctorum</span> <span class='ocrx_word' id='word_1_458' title='bbox 1342 597 1397 627; x_wconf 81' lang='lat' dir='ltr'>per</span> <span class='ocrx_word' id='word_1_459' title='bbox 1415 589 1538 620; x_wconf 79' lang='lat' dir='ltr'>delicias</span> <span class='ocrx_word' id='word_1_460' title='bbox 1557 591 1692 620; x_wconf 77' lang='lat' dir='ltr'>transivit</span> <span class='ocrx_word' id='word_1_461' title='bbox 1705 591 1747 620; x_wconf 80' lang='lat' dir='ltr'>ad</span> <span class='ocrx_word' id='word_1_462' title='bbox 1762 591 1856 621; x_wconf 81' lang='lat' dir='ltr'>vitam</span> 
     </span>
     <span class='ocr_line' id='line_1_62' title="bbox 1072 637 1857 676; baseline 0.004 -11"><span class='ocrx_word' id='word_1_463' title='bbox 1072 638 1233 665; x_wconf 72' lang='lat' dir='ltr'>aeternam?</span> <span class='ocrx_word' id='word_1_464' title='bbox 1247 637 1400 674; x_wconf 86' lang='lat' dir='ltr'>Numquid</span> <span class='ocrx_word' id='word_1_465' title='bbox 1409 637 1550 666; x_wconf 85' lang='lat' dir='ltr'>meliores</span> <span class='ocrx_word' id='word_1_466' title='bbox 1560 638 1629 667; x_wconf 84' lang='lat' dir='ltr'>estis</span> <span class='ocrx_word' id='word_1_467' title='bbox 1641 640 1741 674; x_wconf 82' lang='lat' dir='ltr'>Petro,</span> <span class='ocrx_word' id='word_1_468' title='bbox 1750 638 1804 676; x_wconf 81' lang='lat' dir='ltr'>qui</span> <span class='ocrx_word' id='word_1_469' title='bbox 1813 640 1857 668; x_wconf 80' lang='lat' dir='ltr'>est</span> 
     </span>
     <span class='ocr_line' id='line_1_63' title="bbox 1071 684 1855 722; baseline 0.004 -10"><span class='ocrx_word' id='word_1_470' title='bbox 1071 691 1127 721; x_wconf 88' lang='lat' dir='ltr'>pro</span> <span class='ocrx_word' id='word_1_471' title='bbox 1137 684 1251 713; x_wconf 83' lang='lat' dir='ltr'>Christo</span> <span class='ocrx_word' id='word_1_472' title='bbox 1261 684 1439 713; x_wconf 74' lang='lat' dir='ltr'>crucifixus?</span> <span class='ocrx_word' id='word_1_473' title='bbox 1453 684 1606 722; x_wconf 85' lang='lat' dir='ltr'>Numquid</span> <span class='ocrx_word' id='word_1_474' title='bbox 1626 684 1766 717; x_wconf 86' lang='lat' dir='ltr'>meliores</span> <span class='ocrx_word' id='word_1_475' title='bbox 1781 686 1855 715; x_wconf 79' lang='lat' dir='ltr'>Pau-</span> 
     </span>
     <span class='ocr_line' id='line_1_64' title="bbox 1073 731 1857 770; baseline 0.003 -10"><span class='ocrx_word' id='word_1_476' title='bbox 1073 731 1115 767; x_wconf 91' lang='lat' dir='ltr'>lo,</span> <span class='ocrx_word' id='word_1_477' title='bbox 1127 731 1180 769; x_wconf 88' lang='lat' dir='ltr'>qui</span> <span class='ocrx_word' id='word_1_478' title='bbox 1197 732 1282 761; x_wconf 87' lang='lat' dir='ltr'>toties</span> <span class='ocrx_word' id='word_1_479' title='bbox 1301 733 1486 768; x_wconf 60' lang='lat' dir='ltr'>verberum,</span> <span class='ocrx_word' id='word_1_480' title='bbox 1505 733 1668 770; x_wconf 81' lang='lat' dir='ltr'>lapidatus,</span> <span class='ocrx_word' id='word_1_481' title='bbox 1682 734 1857 770; x_wconf 76' lang='lat' dir='ltr'>paupertate</span> 
     </span>
     <span class='ocr_line' id='line_1_65' title="bbox 1073 779 1855 817; baseline 0.004 -10"><span class='ocrx_word' id='word_1_482' title='bbox 1073 779 1196 814; x_wconf 88' lang='lat' dir='ltr'>attritus,</span> <span class='ocrx_word' id='word_1_483' title='bbox 1213 779 1317 808; x_wconf 91' lang='lat' dir='ltr'>ultimo</span> <span class='ocrx_word' id='word_1_484' title='bbox 1338 780 1434 817; x_wconf 84' lang='lat' dir='ltr'>eapite</span> <span class='ocrx_word' id='word_1_485' title='bbox 1453 782 1496 809; x_wconf 82' lang='lat' dir='ltr'>est</span> <span class='ocrx_word' id='word_1_486' title='bbox 1518 780 1673 817; x_wconf 78' lang='lat' dir='ltr'>privatus?</span> <span class='ocrx_word' id='word_1_487' title='bbox 1698 779 1855 810; x_wconf 81' lang='lat' dir='ltr'>Discurrite</span> 
     </span>
     <span class='ocr_line' id='line_1_66' title="bbox 1073 826 1856 864; baseline 0.003 -10"><span class='ocrx_word' id='word_1_488' title='bbox 1073 834 1125 863; x_wconf 88' lang='lat' dir='ltr'>per</span> <span class='ocrx_word' id='word_1_489' title='bbox 1139 834 1244 855; x_wconf 89' lang='lat' dir='ltr'>omnes</span> <span class='ocrx_word' id='word_1_490' title='bbox 1256 828 1393 856; x_wconf 86' lang='lat' dir='ltr'>sanctos:</span> <span class='ocrx_word' id='word_1_491' title='bbox 1405 826 1522 856; x_wconf 88' lang='lat' dir='ltr'>nullum</span> <span class='ocrx_word' id='word_1_492' title='bbox 1533 827 1688 856; x_wconf 87' lang='lat' dir='ltr'>invenietis</span> <span class='ocrx_word' id='word_1_493' title='bbox 1699 835 1753 864; x_wconf 86' lang='lat' dir='ltr'>per</span> <span class='ocrx_word' id='word_1_494' title='bbox 1763 827 1856 856; x_wconf 82' lang='lat' dir='ltr'>aliam</span> 
     </span>
     <span class='ocr_line' id='line_1_67' title="bbox 1073 873 1857 911; baseline 0.004 -10"><span class='ocrx_word' id='word_1_495' title='bbox 1073 873 1154 902; x_wconf 88' lang='lat' dir='ltr'>viam</span> <span class='ocrx_word' id='word_1_496' title='bbox 1168 874 1284 902; x_wconf 87' lang='lat' dir='ltr'>venisse</span> <span class='ocrx_word' id='word_1_497' title='bbox 1303 874 1343 903; x_wconf 79' lang='lat' dir='ltr'>ad</span> <span class='ocrx_word' id='word_1_498' title='bbox 1360 874 1497 911; x_wconf 86' lang='lat' dir='ltr'>patriam.</span> <span class='ocrx_word' id='word_1_499' title='bbox 1522 876 1598 911; x_wconf 82' lang='lat' dir='ltr'>Ergo</span> <span class='ocrx_word' id='word_1_500' title='bbox 1619 882 1675 903; x_wconf 81' lang='lat' dir='ltr'>vos</span> <span class='ocrx_word' id='word_1_501' title='bbox 1695 874 1752 903; x_wconf 91' lang='lat' dir='ltr'>soli</span> <span class='ocrx_word' id='word_1_502' title='bbox 1777 875 1857 904; x_wconf 86' lang='lat' dir='ltr'>eritis</span> 
     </span>
     <span class='ocr_line' id='line_1_68' title="bbox 1073 921 1856 958; baseline 0.004 -10"><span class='ocrx_word' id='word_1_503' title='bbox 1073 922 1202 957; x_wconf 84' lang='lat' dir='ltr'>exceptae</span> <span class='ocrx_word' id='word_1_504' title='bbox 1215 921 1350 956; x_wconf 86' lang='lat' dir='ltr'>actionis,</span> <span class='ocrx_word' id='word_1_505' title='bbox 1368 923 1401 950; x_wconf 93' lang='lat' dir='ltr'>ut</span> <span class='ocrx_word' id='word_1_506' title='bbox 1419 922 1573 950; x_wconf 85' lang='lat' dir='ltr'>transeatis</span> <span class='ocrx_word' id='word_1_507' title='bbox 1586 921 1626 950; x_wconf 84' lang='lat' dir='ltr'>ad</span> <span class='ocrx_word' id='word_1_508' title='bbox 1641 921 1770 958; x_wconf 78' lang='lat' dir='ltr'>gloriam</span> <span class='ocrx_word' id='word_1_509' title='bbox 1785 922 1856 951; x_wconf 76' lang='lat' dir='ltr'>ahs-</span> 
     </span>
     <span class='ocr_line' id='line_1_69' title="bbox 1074 967 1858 1006; baseline 0.003 -10"><span class='ocrx_word' id='word_1_510' title='bbox 1074 976 1132 1004; x_wconf 88' lang='lat' dir='ltr'>que</span> <span class='ocrx_word' id='word_1_511' title='bbox 1155 967 1272 1004; x_wconf 77' lang='lat' dir='ltr'>poenis?</span> <span class='ocrx_word' id='word_1_512' title='bbox 1294 968 1423 996; x_wconf 82' lang='lat' dir='ltr'>Recolite</span> <span class='ocrx_word' id='word_1_513' title='bbox 1437 968 1536 997; x_wconf 82' lang='lat' dir='ltr'>Lazari</span> <span class='ocrx_word' id='word_1_514' title='bbox 1554 969 1704 1006; x_wconf 83' lang='lat' dir='ltr'>pauperis,</span> <span class='ocrx_word' id='word_1_515' title='bbox 1726 971 1755 998; x_wconf 86' lang='lat' dir='ltr'>et</span> <span class='ocrx_word' id='word_1_516' title='bbox 1773 977 1858 998; x_wconf 88' lang='lat' dir='ltr'>men-</span> 
     </span>
     <span class='ocr_line' id='line_1_70' title="bbox 1074 1015 1858 1052; baseline 0.004 -10"><span class='ocrx_word' id='word_1_517' title='bbox 1074 1015 1148 1049; x_wconf 90' lang='lat' dir='ltr'>dici,</span> <span class='ocrx_word' id='word_1_518' title='bbox 1173 1023 1208 1044; x_wconf 84' lang='lat' dir='ltr'>ac</span> <span class='ocrx_word' id='word_1_519' title='bbox 1235 1015 1411 1044; x_wconf 88' lang='lat' dir='ltr'>vulneribus</span> <span class='ocrx_word' id='word_1_520' title='bbox 1433 1015 1517 1052; x_wconf 90' lang='lat' dir='ltr'>pleni</span> <span class='ocrx_word' id='word_1_521' title='bbox 1539 1016 1717 1044; x_wconf 81' lang='lat' dir='ltr'>transeuntis</span> <span class='ocrx_word' id='word_1_522' title='bbox 1744 1015 1785 1045; x_wconf 78' lang='lat' dir='ltr'>ad</span> <span class='ocrx_word' id='word_1_523' title='bbox 1811 1023 1858 1045; x_wconf 87' lang='lat' dir='ltr'>re·</span> 
     </span>
     <span class='ocr_line' id='line_1_71' title="bbox 1074 1061 1858 1099; baseline 0.001 -9"><span class='ocrx_word' id='word_1_524' title='bbox 1074 1062 1176 1098; x_wconf 89' lang='lat' dir='ltr'>quiem</span> <span class='ocrx_word' id='word_1_525' title='bbox 1183 1071 1191 1097; x_wconf 94' lang='lat'>;</span> <span class='ocrx_word' id='word_1_526' title='bbox 1208 1064 1236 1090; x_wconf 89' lang='lat' dir='ltr'>et</span> <span class='ocrx_word' id='word_1_527' title='bbox 1250 1070 1266 1090; x_wconf 87' lang='lat' dir='ltr'>e</span> <span class='ocrx_word' id='word_1_528' title='bbox 1281 1069 1425 1090; x_wconf 88' lang='lat' dir='ltr'>converso</span> <span class='ocrx_word' id='word_1_529' title='bbox 1448 1061 1547 1090; x_wconf 83' lang='lat' dir='ltr'>divitis</span> <span class='ocrx_word' id='word_1_530' title='bbox 1569 1061 1737 1099; x_wconf 84' lang='lat' dir='ltr'>purpurati,</span> <span class='ocrx_word' id='word_1_531' title='bbox 1756 1062 1858 1099; x_wconf 87' lang='lat' dir='ltr'>splen·</span> 
     </span>
     <span class='ocr_line' id='line_1_72' title="bbox 1074 1108 1859 1145; baseline 0.001 -9"><span class='ocrx_word' id='word_1_532' title='bbox 1074 1108 1145 1137; x_wconf 90' lang='lat' dir='ltr'>dide</span> <span class='ocrx_word' id='word_1_533' title='bbox 1156 1109 1290 1145; x_wconf 88' lang='lat' dir='ltr'>quotidie</span> <span class='ocrx_word' id='word_1_534' title='bbox 1299 1108 1493 1144; x_wconf 89' lang='lat' dir='ltr'>comedentis,</span> <span class='ocrx_word' id='word_1_535' title='bbox 1501 1111 1530 1137; x_wconf 95' lang='lat' dir='ltr'>et</span> <span class='ocrx_word' id='word_1_536' title='bbox 1539 1108 1649 1137; x_wconf 89' lang='lat' dir='ltr'>deinde</span> <span class='ocrx_word' id='word_1_537' title='bbox 1662 1108 1701 1137; x_wconf 81' lang='lat' dir='ltr'>ad</span> <span class='ocrx_word' id='word_1_538' title='bbox 1709 1108 1859 1138; x_wconf 76' lang='lat' dir='ltr'>infernum</span> 
     </span>
     <span class='ocr_line' id='line_1_73' title="bbox 1075 1155 1860 1192; baseline 0.001 -8"><span class='ocrx_word' id='word_1_539' title='bbox 1075 1156 1194 1184; x_wconf 87' lang='lat' dir='ltr'>deducti</span> <span class='ocrx_word' id='word_1_540' title='bbox 1206 1155 1229 1191; x_wconf 93' lang='lat'>⁷,</span> <span class='ocrx_word' id='word_1_541' title='bbox 1245 1156 1296 1192; x_wconf 88' lang='lat' dir='ltr'>qui</span> <span class='ocrx_word' id='word_1_542' title='bbox 1312 1156 1415 1184; x_wconf 92' lang='lat' dir='ltr'>nonin</span> <span class='ocrx_word' id='word_1_543' title='bbox 1431 1156 1554 1184; x_wconf 83' lang='lat' dir='ltr'>flamma</span> <span class='ocrx_word' id='word_1_544' title='bbox 1575 1155 1731 1185; x_wconf 86' lang='lat' dir='ltr'>minimam</span> <span class='ocrx_word' id='word_1_545' title='bbox 1749 1156 1860 1185; x_wconf 82' lang='lat' dir='ltr'>habere</span> 
     </span>
     <span class='ocr_line' id='line_1_74' title="bbox 1076 1202 1860 1240; baseline 0.003 -10"><span class='ocrx_word' id='word_1_546' title='bbox 1076 1205 1190 1239; x_wconf 84' lang='lat' dir='ltr'>guttam</span> <span class='ocrx_word' id='word_1_547' title='bbox 1207 1211 1292 1240; x_wconf 80' lang='lat' dir='ltr'>aquae</span> <span class='ocrx_word' id='word_1_548' title='bbox 1307 1205 1431 1239; x_wconf 82' lang='lat' dir='ltr'>poterat.</span> <span class='ocrx_word' id='word_1_549' title='bbox 1447 1204 1534 1238; x_wconf 84' lang='lat' dir='ltr'>Ergo,</span> <span class='ocrx_word' id='word_1_550' title='bbox 1550 1202 1665 1238; x_wconf 81' lang='lat' dir='ltr'>fratres,</span> <span class='ocrx_word' id='word_1_551' title='bbox 1681 1203 1705 1231; x_wconf 92' lang='lat' dir='ltr'>si</span> <span class='ocrx_word' id='word_1_552' title='bbox 1719 1203 1860 1232; x_wconf 87' lang='lat' dir='ltr'>volumus</span> 
     </span>
     <span class='ocr_line' id='line_1_75' title="bbox 1076 1251 1861 1287; baseline 0.003 -8"><span class='ocrx_word' id='word_1_553' title='bbox 1076 1251 1206 1287; x_wconf 85' lang='lat' dir='ltr'>gaudere</span> <span class='ocrx_word' id='word_1_554' title='bbox 1221 1259 1289 1280; x_wconf 86' lang='lat' dir='ltr'>cuin</span> <span class='ocrx_word' id='word_1_555' title='bbox 1305 1251 1425 1284; x_wconf 85' lang='lat' dir='ltr'>Sanctis,</span> <span class='ocrx_word' id='word_1_556' title='bbox 1441 1251 1639 1280; x_wconf 85' lang='lat' dir='ltr'>sustineamus</span> <span class='ocrx_word' id='word_1_557' title='bbox 1657 1251 1738 1280; x_wconf 88' lang='lat' dir='ltr'>mala</span> <span class='ocrx_word' id='word_1_558' title='bbox 1753 1251 1861 1281; x_wconf 89' lang='lat' dir='ltr'>mundi</span> 
     </span>
     <span class='ocr_line' id='line_1_76' title="bbox 1076 1298 1860 1335; baseline 0.003 -9"><span class='ocrx_word' id='word_1_559' title='bbox 1076 1307 1144 1326; x_wconf 88' lang='lat' dir='ltr'>cum</span> <span class='ocrx_word' id='word_1_560' title='bbox 1159 1298 1211 1333; x_wconf 78' lang='lat' dir='ltr'>eis,</span> <span class='ocrx_word' id='word_1_561' title='bbox 1227 1298 1301 1326; x_wconf 90' lang='lat' dir='ltr'>sicut</span> <span class='ocrx_word' id='word_1_562' title='bbox 1316 1298 1494 1334; x_wconf 73' lang='lat' dir='ltr'>Augustinus</span> <span class='ocrx_word' id='word_1_563' title='bbox 1515 1298 1587 1327; x_wconf 86' lang='lat' dir='ltr'>dicit</span> <span class='ocrx_word' id='word_1_564' title='bbox 1600 1299 1611 1316; x_wconf 79' lang='lat'><strong>⁶</strong></span> <span class='ocrx_word' id='word_1_565' title='bbox 1629 1308 1636 1326; x_wconf 88' lang='lat'>:</span> <span class='ocrx_word' id='word_1_566' title='bbox 1653 1299 1725 1335; x_wconf 86' lang='lat' dir='ltr'>quia</span> <span class='ocrx_word' id='word_1_567' title='bbox 1740 1299 1792 1335; x_wconf 81' lang='lat' dir='ltr'>qui</span> <span class='ocrx_word' id='word_1_568' title='bbox 1808 1307 1860 1328; x_wconf 81' lang='lat' dir='ltr'>eos</span> 
     </span>
     <span class='ocr_line' id='line_1_77' title="bbox 1076 1345 1861 1382; baseline 0.003 -9"><span class='ocrx_word' id='word_1_569' title='bbox 1076 1353 1147 1377; x_wconf 87' lang='lat' dir='ltr'>non,</span> <span class='ocrx_word' id='word_1_570' title='bbox 1162 1346 1191 1373; x_wconf 90' lang='lat' dir='ltr'>in</span> <span class='ocrx_word' id='word_1_571' title='bbox 1205 1347 1351 1382; x_wconf 86' lang='lat' dir='ltr'>quantum</span> <span class='ocrx_word' id='word_1_572' title='bbox 1370 1346 1507 1382; x_wconf 87' lang='lat' dir='ltr'>potuerit,</span> <span class='ocrx_word' id='word_1_573' title='bbox 1528 1345 1657 1374; x_wconf 87' lang='lat' dir='ltr'>voluerit</span> <span class='ocrx_word' id='word_1_574' title='bbox 1679 1346 1798 1382; x_wconf 84' lang='lat' dir='ltr'>imitari,</span> <span class='ocrx_word' id='word_1_575' title='bbox 1820 1347 1861 1376; x_wconf 85' lang='lat' dir='ltr'>ad</span> 
     </span>
     <span class='ocr_line' id='line_1_78' title="bbox 1078 1392 1860 1429; baseline 0.001 -9"><span class='ocrx_word' id='word_1_576' title='bbox 1078 1400 1182 1420; x_wconf 91' lang='lat' dir='ltr'>corum</span> <span class='ocrx_word' id='word_1_577' title='bbox 1203 1392 1417 1420; x_wconf 78' lang='lat' dir='ltr'>beatitudinem</span> <span class='ocrx_word' id='word_1_578' title='bbox 1434 1400 1495 1421; x_wconf 90' lang='lat' dir='ltr'>non</span> <span class='ocrx_word' id='word_1_579' title='bbox 1509 1393 1616 1429; x_wconf 88' lang='lat' dir='ltr'>poterit</span> <span class='ocrx_word' id='word_1_580' title='bbox 1633 1394 1799 1429; x_wconf 87' lang='lat' dir='ltr'>pervenire.</span> <span class='ocrx_word' id='word_1_581' title='bbox 1816 1393 1860 1422; x_wconf 89' lang='lat' dir='ltr'>Ad</span> 
     </span>
     <span class='ocr_line' id='line_1_79' title="bbox 1078 1439 1861 1476; baseline 0.001 -9"><span class='ocrx_word' id='word_1_582' title='bbox 1078 1440 1139 1467; x_wconf 84' lang='lat' dir='ltr'>liaec</span> <span class='ocrx_word' id='word_1_583' title='bbox 1150 1439 1241 1474; x_wconf 88' lang='lat' dir='ltr'>euim,</span> <span class='ocrx_word' id='word_1_584' title='bbox 1249 1439 1355 1467; x_wconf 90' lang='lat' dir='ltr'>utdicit</span> <span class='ocrx_word' id='word_1_585' title='bbox 1363 1439 1542 1475; x_wconf 75' lang='lat' dir='ltr'>Augustinus</span> <span class='ocrx_word' id='word_1_586' title='bbox 1551 1441 1574 1474; x_wconf 77' lang='lat'>⁹,</span> <span class='ocrx_word' id='word_1_587' title='bbox 1582 1439 1656 1468; x_wconf 78' lang='lat' dir='ltr'>festa</span> <span class='ocrx_word' id='word_1_588' title='bbox 1663 1439 1861 1476; x_wconf 82' lang='lat' dir='ltr'>celebramus,</span> 
     </span>
     <span class='ocr_line' id='line_1_80' title="bbox 1079 1486 1861 1524; baseline 0.003 -10"><span class='ocrx_word' id='word_1_589' title='bbox 1079 1489 1111 1514; x_wconf 91' lang='lat' dir='ltr'>ut</span> <span class='ocrx_word' id='word_1_590' title='bbox 1135 1486 1208 1514; x_wconf 90' lang='lat' dir='ltr'>dum</span> <span class='ocrx_word' id='word_1_591' title='bbox 1231 1486 1305 1523; x_wconf 85' lang='lat' dir='ltr'>quid</span> <span class='ocrx_word' id='word_1_592' title='bbox 1321 1486 1442 1514; x_wconf 77' lang='lat' dir='ltr'>iecerint</span> <span class='ocrx_word' id='word_1_593' title='bbox 1462 1486 1651 1522; x_wconf 82' lang='lat' dir='ltr'>attendimus,</span> <span class='ocrx_word' id='word_1_594' title='bbox 1672 1487 1781 1515; x_wconf 77' lang='lat' dir='ltr'>imitari</span> <span class='ocrx_word' id='word_1_595' title='bbox 1805 1495 1861 1524; x_wconf 83' lang='lat' dir='ltr'>pro</span> 
     </span>
     <span class='ocr_line' id='line_1_81' title="bbox 1079 1535 1861 1572; baseline 0.001 -9"><span class='ocrx_word' id='word_1_596' title='bbox 1079 1543 1166 1571; x_wconf 80' lang='lat' dir='ltr'>posse</span> <span class='ocrx_word' id='word_1_597' title='bbox 1175 1535 1357 1563; x_wconf 63' lang='lat' dir='ltr'>studeamus⁸</span> <span class='ocrx_word' id='word_1_598' title='bbox 1371 1537 1442 1563; x_wconf 71' lang='lat' dir='ltr'>Nam</span> <span class='ocrx_word' id='word_1_599' title='bbox 1452 1535 1550 1572; x_wconf 87' lang='lat' dir='ltr'>pueris</span> <span class='ocrx_word' id='word_1_600' title='bbox 1559 1535 1671 1564; x_wconf 83' lang='lat' dir='ltr'>discere</span> <span class='ocrx_word' id='word_1_601' title='bbox 1680 1535 1861 1571; x_wconf 86' lang='lat' dir='ltr'>volentibus,</span> 
     </span>
     <span class='ocr_line' id='line_1_82' title="bbox 1081 1582 1863 1620; baseline 0.001 -10"><span class='ocrx_word' id='word_1_602' title='bbox 1081 1582 1236 1610; x_wconf 83' lang='lat' dir='ltr'>traduntur</span> <span class='ocrx_word' id='word_1_603' title='bbox 1262 1583 1364 1618; x_wconf 74' lang='lat' dir='ltr'>tigurce</span> <span class='ocrx_word' id='word_1_604' title='bbox 1382 1582 1578 1618; x_wconf 76' lang='lat' dir='ltr'>exemplares,</span> <span class='ocrx_word' id='word_1_605' title='bbox 1601 1582 1767 1611; x_wconf 83' lang='lat' dir='ltr'>secundum</span> <span class='ocrx_word' id='word_1_606' title='bbox 1787 1591 1863 1620; x_wconf 77' lang='lat' dir='ltr'>quas</span> 
     </span>
    </p>
   </div>
   <div class='ocr_carea' id='block_1_6' title="bbox 1081 1629 1862 1712">
    <p class='ocr_par' dir='ltr' id='par_1_7' title="bbox 1081 1629 1862 1712">
     <span class='ocr_line' id='line_1_83' title="bbox 1081 1629 1862 1666; baseline 0.004 -10"><span class='ocrx_word' id='word_1_607' title='bbox 1081 1630 1180 1665; x_wconf 81' lang='lat' dir='ltr'>apices</span> <span class='ocrx_word' id='word_1_608' title='bbox 1204 1629 1278 1657; x_wconf 80' lang='lat' dir='ltr'>alios</span> <span class='ocrx_word' id='word_1_609' title='bbox 1298 1629 1394 1658; x_wconf 81' lang='lat' dir='ltr'>facere</span> <span class='ocrx_word' id='word_1_610' title='bbox 1410 1629 1538 1658; x_wconf 87' lang='lat' dir='ltr'>student.</span> <span class='ocrx_word' id='word_1_611' title='bbox 1555 1631 1705 1666; x_wconf 82' lang='lat' dir='ltr'>Rogemus</span> <span class='ocrx_word' id='word_1_612' title='bbox 1720 1637 1790 1666; x_wconf 85' lang='lat' dir='ltr'>ergo</span> <span class='ocrx_word' id='word_1_613' title='bbox 1807 1631 1862 1659; x_wconf 88' lang='lat' dir='ltr'>Do-</span> 
     </span>
     <span class='ocr_line' id='line_1_84' title="bbox 1082 1677 1278 1712; baseline 0 -8"><span class='ocrx_word' id='word_1_614' title='bbox 1082 1677 1208 1712; x_wconf 83' lang='lat' dir='ltr'>minum,</span> <span class='ocrx_word' id='word_1_615' title='bbox 1223 1679 1278 1704; x_wconf 85' lang='lat' dir='ltr'>etc.</span> 
     </span>
    </p>
   </div>
   <div class='ocr_carea' id='block_1_7' title="bbox 1372 1754 1573 1784">
    <p class='ocr_par' dir='ltr' id='par_1_8' title="bbox 1372 1754 1573 1784">
     <span class='ocr_line' id='line_1_85' title="bbox 1372 1754 1573 1784; baseline 0 0"><span class='ocrx_word' id='word_1_616' title='bbox 1372 1754 1500 1784; x_wconf 76' lang='lat' dir='ltr'><strong>SERMO</strong></span> <span class='ocrx_word' id='word_1_617' title='bbox 1525 1754 1573 1784; x_wconf 81' lang='lat' dir='ltr'>IV.</span> 
     </span>
    </p>
   </div>
   <div class='ocr_carea' id='block_1_8' title="bbox 1084 1819 1870 2513">
    <p class='ocr_par' dir='ltr' id='par_1_9' title="bbox 1084 1819 1870 2513">
     <span class='ocr_line' id='line_1_86' title="bbox 1121 1819 1863 1855; baseline 0.003 -9"><span class='ocrx_word' id='word_1_618' title='bbox 1121 1821 1249 1855; x_wconf 75' lang='lat' dir='ltr'>Deposuit</span> <span class='ocrx_word' id='word_1_619' title='bbox 1260 1822 1378 1855; x_wconf 73' lang='lat' dir='ltr'>potentes</span> <span class='ocrx_word' id='word_1_620' title='bbox 1385 1819 1417 1847; x_wconf 79' lang='lat' dir='ltr'>de</span> <span class='ocrx_word' id='word_1_621' title='bbox 1431 1819 1502 1853; x_wconf 78' lang='lat' dir='ltr'>sede,</span> <span class='ocrx_word' id='word_1_622' title='bbox 1518 1821 1543 1847; x_wconf 80' lang='lat' dir='ltr'>et</span> <span class='ocrx_word' id='word_1_623' title='bbox 1558 1820 1691 1847; x_wconf 63' lang='lat' dir='ltr'>exaltavit</span> <span class='ocrx_word' id='word_1_624' title='bbox 1706 1820 1820 1848; x_wconf 76' lang='lat' dir='ltr'>humiles</span> <span class='ocrx_word' id='word_1_625' title='bbox 1832 1820 1863 1848; x_wconf 85' lang='lat'>¹⁰.</span> 
     </span>
     <span class='ocr_line' id='line_1_87' title="bbox 1084 1866 1867 1903; baseline 0.001 -8"><span class='ocrx_word' id='word_1_626' title='bbox 1084 1867 1110 1895; x_wconf 85' lang='lat' dir='ltr'>Si</span> <span class='ocrx_word' id='word_1_627' title='bbox 1127 1868 1194 1903; x_wconf 85' lang='lat' dir='ltr'>quis</span> <span class='ocrx_word' id='word_1_628' title='bbox 1205 1867 1362 1901; x_wconf 79' lang='lat' dir='ltr'>diligenter</span> <span class='ocrx_word' id='word_1_629' title='bbox 1375 1866 1445 1901; x_wconf 82' lang='lat' dir='ltr'>legit</span> <span class='ocrx_word' id='word_1_630' title='bbox 1463 1866 1656 1902; x_wconf 87' lang='lat' dir='ltr'>antiquorum</span> <span class='ocrx_word' id='word_1_631' title='bbox 1675 1866 1823 1899; x_wconf 85' lang='lat' dir='ltr'>historias,</span> <span class='ocrx_word' id='word_1_632' title='bbox 1839 1870 1867 1896; x_wconf 91' lang='lat' dir='ltr'>et</span> 
     </span>
     <span class='ocr_line' id='line_1_88' title="bbox 1085 1913 1864 1950; baseline 0 -8"><span class='ocrx_word' id='word_1_633' title='bbox 1085 1922 1187 1942; x_wconf 78' lang='lat' dir='ltr'>cursus</span> <span class='ocrx_word' id='word_1_634' title='bbox 1202 1921 1306 1948; x_wconf 76' lang='lat' dir='ltr'>regum</span> <span class='ocrx_word' id='word_1_635' title='bbox 1321 1916 1348 1941; x_wconf 86' lang='lat' dir='ltr'>ct</span> <span class='ocrx_word' id='word_1_636' title='bbox 1363 1913 1548 1949; x_wconf 82' lang='lat' dir='ltr'>principum,</span> <span class='ocrx_word' id='word_1_637' title='bbox 1563 1913 1696 1941; x_wconf 81' lang='lat' dir='ltr'>similiter</span> <span class='ocrx_word' id='word_1_638' title='bbox 1711 1915 1740 1941; x_wconf 87' lang='lat' dir='ltr'>ct</span> <span class='ocrx_word' id='word_1_639' title='bbox 1758 1921 1864 1950; x_wconf 81' lang='lat' dir='ltr'>regno·</span> 
     </span>
     <span class='ocr_line' id='line_1_89' title="bbox 1085 1960 1866 1997; baseline 0.001 -9"><span class='ocrx_word' id='word_1_640' title='bbox 1085 1970 1163 1994; x_wconf 85' lang='lat' dir='ltr'>rum,</span> <span class='ocrx_word' id='word_1_641' title='bbox 1180 1963 1280 1997; x_wconf 84' lang='lat' dir='ltr'>aperte</span> <span class='ocrx_word' id='word_1_642' title='bbox 1298 1960 1409 1988; x_wconf 83' lang='lat' dir='ltr'>invenit</span> <span class='ocrx_word' id='word_1_643' title='bbox 1424 1968 1528 1988; x_wconf 89' lang='lat' dir='ltr'>verum</span> <span class='ocrx_word' id='word_1_644' title='bbox 1543 1968 1616 1994; x_wconf 83' lang='lat' dir='ltr'>esse,</span> <span class='ocrx_word' id='word_1_645' title='bbox 1637 1960 1721 1997; x_wconf 92' lang='lat' dir='ltr'>quod</span> <span class='ocrx_word' id='word_1_646' title='bbox 1739 1961 1866 1989; x_wconf 87' lang='lat' dir='ltr'>verbum</span> 
     </span>
     <span class='ocr_line' id='line_1_90' title="bbox 1086 2007 1866 2044; baseline 0.003 -9"><span class='ocrx_word' id='word_1_647' title='bbox 1086 2008 1270 2044; x_wconf 60' lang='lat' dir='ltr'>praemissum</span> <span class='ocrx_word' id='word_1_648' title='bbox 1287 2008 1425 2035; x_wconf 81' lang='lat' dir='ltr'>continet.</span> <span class='ocrx_word' id='word_1_649' title='bbox 1443 2009 1514 2035; x_wconf 78' lang='lat' dir='ltr'>Nam</span> <span class='ocrx_word' id='word_1_650' title='bbox 1528 2007 1551 2035; x_wconf 81' lang='lat' dir='ltr'>si</span> <span class='ocrx_word' id='word_1_651' title='bbox 1562 2007 1601 2035; x_wconf 84' lang='lat' dir='ltr'>ad</span> <span class='ocrx_word' id='word_1_652' title='bbox 1616 2009 1732 2043; x_wconf 88' lang='lat' dir='ltr'>tempus</span> <span class='ocrx_word' id='word_1_653' title='bbox 1746 2008 1866 2044; x_wconf 87' lang='lat' dir='ltr'>superbi</span> 
     </span>
     <span class='ocr_line' id='line_1_91' title="bbox 1089 2054 1866 2089; baseline 0.001 -7"><span class='ocrx_word' id='word_1_654' title='bbox 1089 2055 1225 2082; x_wconf 67' lang='lat' dir='ltr'>videntur</span> <span class='ocrx_word' id='word_1_655' title='bbox 1241 2056 1357 2089; x_wconf 78' lang='lat' dir='ltr'>llorere,</span> <span class='ocrx_word' id='word_1_656' title='bbox 1375 2057 1401 2082; x_wconf 86' lang='lat' dir='ltr'>ct</span> <span class='ocrx_word' id='word_1_657' title='bbox 1414 2054 1550 2082; x_wconf 84' lang='lat' dir='ltr'>homines</span> <span class='ocrx_word' id='word_1_658' title='bbox 1565 2054 1691 2082; x_wconf 87' lang='lat' dir='ltr'>humiles</span> <span class='ocrx_word' id='word_1_659' title='bbox 1703 2054 1777 2082; x_wconf 85' lang='lat' dir='ltr'>viles</span> <span class='ocrx_word' id='word_1_660' title='bbox 1792 2063 1866 2088; x_wconf 79' lang='lat' dir='ltr'>esse,</span> 
     </span>
     <span class='ocr_line' id='line_1_92' title="bbox 1086 2101 1867 2137; baseline 0.003 -9"><span class='ocrx_word' id='word_1_661' title='bbox 1086 2110 1203 2137; x_wconf 70' lang='lat' dir='ltr'>sempor</span> <span class='ocrx_word' id='word_1_662' title='bbox 1219 2103 1316 2128; x_wconf 80' lang='lat' dir='ltr'>tamen</span> <span class='ocrx_word' id='word_1_663' title='bbox 1339 2101 1367 2128; x_wconf 90' lang='lat' dir='ltr'>iu</span> <span class='ocrx_word' id='word_1_664' title='bbox 1385 2101 1443 2129; x_wconf 85' lang='lat' dir='ltr'>tine</span> <span class='ocrx_word' id='word_1_665' title='bbox 1467 2101 1507 2128; x_wconf 89' lang='lat' dir='ltr'>illi</span> <span class='ocrx_word' id='word_1_666' title='bbox 1531 2101 1719 2136; x_wconf 87' lang='lat' dir='ltr'>dejiciuntur,</span> <span class='ocrx_word' id='word_1_667' title='bbox 1735 2103 1763 2129; x_wconf 90' lang='lat' dir='ltr'>ct</span> <span class='ocrx_word' id='word_1_668' title='bbox 1784 2101 1830 2129; x_wconf 90' lang='lat' dir='ltr'>isti</span> <span class='ocrx_word' id='word_1_669' title='bbox 1852 2110 1867 2130; x_wconf 91' lang='lat' dir='ltr'>e</span> 
     </span>
     <span class='ocr_line' id='line_1_93' title="bbox 1086 2147 1867 2184; baseline 0 -7"><span class='ocrx_word' id='word_1_670' title='bbox 1086 2149 1233 2177; x_wconf 85' lang='lat' dir='ltr'>contrario</span> <span class='ocrx_word' id='word_1_671' title='bbox 1250 2148 1426 2176; x_wconf 77' lang='lat' dir='ltr'>exaltantur.</span> <span class='ocrx_word' id='word_1_672' title='bbox 1451 2149 1522 2176; x_wconf 84' lang='lat' dir='ltr'>Nam</span> <span class='ocrx_word' id='word_1_673' title='bbox 1545 2148 1619 2184; x_wconf 84' lang='lat' dir='ltr'>quid</span> <span class='ocrx_word' id='word_1_674' title='bbox 1639 2147 1748 2176; x_wconf 83' lang='lat' dir='ltr'>sactum</span> <span class='ocrx_word' id='word_1_675' title='bbox 1769 2150 1811 2177; x_wconf 86' lang='lat' dir='ltr'>est</span> <span class='ocrx_word' id='word_1_676' title='bbox 1830 2149 1867 2177; x_wconf 92' lang='lat' dir='ltr'>de</span> 
     </span>
     <span class='ocr_line' id='line_1_94' title="bbox 1087 2194 1868 2232; baseline 0 -8"><span class='ocrx_word' id='word_1_677' title='bbox 1087 2204 1180 2232; x_wconf 83' lang='lat' dir='ltr'>regno</span> <span class='ocrx_word' id='word_1_678' title='bbox 1196 2196 1244 2223; x_wconf 84' lang='lat' dir='ltr'>illo</span> <span class='ocrx_word' id='word_1_679' title='bbox 1260 2195 1457 2231; x_wconf 77' lang='lat' dir='ltr'>Assyriorum,</span> <span class='ocrx_word' id='word_1_680' title='bbox 1477 2194 1560 2231; x_wconf 88' lang='lat' dir='ltr'>quod</span> <span class='ocrx_word' id='word_1_681' title='bbox 1577 2195 1653 2223; x_wconf 87' lang='lat' dir='ltr'>ultra</span> <span class='ocrx_word' id='word_1_682' title='bbox 1672 2195 1754 2223; x_wconf 86' lang='lat' dir='ltr'>mille</span> <span class='ocrx_word' id='word_1_683' title='bbox 1773 2204 1868 2224; x_wconf 87' lang='lat' dir='ltr'>annos</span> 
     </span>
     <span class='ocr_line' id='line_1_95' title="bbox 1088 2242 1868 2271; baseline 0 0"><span class='ocrx_word' id='word_1_684' title='bbox 1088 2243 1293 2271; x_wconf 84' lang='lat' dir='ltr'>monarchiam</span> <span class='ocrx_word' id='word_1_685' title='bbox 1309 2242 1400 2270; x_wconf 88' lang='lat' dir='ltr'>tenuit</span> <span class='ocrx_word' id='word_1_686' title='bbox 1415 2242 1556 2270; x_wconf 75' lang='lat' dir='ltr'>Orientis?</span> <span class='ocrx_word' id='word_1_687' title='bbox 1572 2250 1671 2270; x_wconf 89' lang='lat' dir='ltr'>noune</span> <span class='ocrx_word' id='word_1_688' title='bbox 1687 2243 1726 2271; x_wconf 83' lang='lat' dir='ltr'>ad</span> <span class='ocrx_word' id='word_1_689' title='bbox 1741 2243 1868 2271; x_wconf 88' lang='lat' dir='ltr'>nihilum</span> 
     </span>
     <span class='ocr_line' id='line_1_96' title="bbox 1088 2288 1867 2325; baseline -0.001 -7"><span class='ocrx_word' id='word_1_690' title='bbox 1088 2292 1130 2318; x_wconf 77' lang='lat' dir='ltr'>cst</span> <span class='ocrx_word' id='word_1_691' title='bbox 1144 2290 1318 2318; x_wconf 75' lang='lat' dir='ltr'>redactum?</span> <span class='ocrx_word' id='word_1_692' title='bbox 1334 2291 1405 2317; x_wconf 80' lang='lat' dir='ltr'>Nam</span> <span class='ocrx_word' id='word_1_693' title='bbox 1424 2291 1452 2316; x_wconf 73' lang='lat' dir='ltr'>et</span> <span class='ocrx_word' id='word_1_694' title='bbox 1467 2288 1641 2325; x_wconf 73' lang='lat' dir='ltr'>Babylonia,</span> <span class='ocrx_word' id='word_1_695' title='bbox 1658 2291 1689 2317; x_wconf 89' lang='lat' dir='ltr'>ut</span> <span class='ocrx_word' id='word_1_696' title='bbox 1713 2289 1782 2318; x_wconf 86' lang='lat' dir='ltr'>dicit</span> <span class='ocrx_word' id='word_1_697' title='bbox 1803 2290 1867 2317; x_wconf 81' lang='lat' dir='ltr'>Hie-</span> 
     </span>
     <span class='ocr_line' id='line_1_97' title="bbox 1088 2336 1869 2373; baseline -0.001 -8"><span class='ocrx_word' id='word_1_698' title='bbox 1088 2346 1233 2372; x_wconf 69' lang='lat' dir='ltr'>ronymus</span> <span class='ocrx_word' id='word_1_699' title='bbox 1250 2338 1277 2371; x_wconf 84' lang='lat'>¹¹,</span> <span class='ocrx_word' id='word_1_700' title='bbox 1300 2339 1390 2373; x_wconf 86' lang='lat' dir='ltr'>caput</span> <span class='ocrx_word' id='word_1_701' title='bbox 1403 2336 1495 2372; x_wconf 71' lang='lat' dir='ltr'>ipsius</span> <span class='ocrx_word' id='word_1_702' title='bbox 1510 2336 1592 2371; x_wconf 80' lang='lat' dir='ltr'>regui</span> <span class='ocrx_word' id='word_1_703' title='bbox 1611 2336 1686 2364; x_wconf 81' lang='lat' dir='ltr'>suit:</span> <span class='ocrx_word' id='word_1_704' title='bbox 1703 2344 1769 2372; x_wconf 81' lang='lat' dir='ltr'>quae</span> <span class='ocrx_word' id='word_1_705' title='bbox 1785 2339 1869 2365; x_wconf 82' lang='lat' dir='ltr'>tantae</span> 
     </span>
     <span class='ocr_line' id='line_1_98' title="bbox 1090 2382 1868 2417; baseline -0.001 -5"><span class='ocrx_word' id='word_1_706' title='bbox 1090 2384 1269 2412; x_wconf 82' lang='lat' dir='ltr'>fortitudinis</span> <span class='ocrx_word' id='word_1_707' title='bbox 1285 2383 1347 2417; x_wconf 84' lang='lat' dir='ltr'>suit,</span> <span class='ocrx_word' id='word_1_708' title='bbox 1363 2385 1389 2410; x_wconf 85' lang='lat' dir='ltr'>ct</span> <span class='ocrx_word' id='word_1_709' title='bbox 1406 2382 1637 2417; x_wconf 80' lang='lat' dir='ltr'>magnitudinis,</span> <span class='ocrx_word' id='word_1_710' title='bbox 1653 2385 1684 2410; x_wconf 91' lang='lat' dir='ltr'>ut</span> <span class='ocrx_word' id='word_1_711' title='bbox 1698 2383 1746 2411; x_wconf 85' lang='lat' dir='ltr'>vix</span> <span class='ocrx_word' id='word_1_712' title='bbox 1761 2383 1799 2411; x_wconf 86' lang='lat' dir='ltr'>ab</span> <span class='ocrx_word' id='word_1_713' title='bbox 1815 2391 1868 2411; x_wconf 86' lang='lat' dir='ltr'>au-</span> 
     </span>
     <span class='ocr_line' id='line_1_99' title="bbox 1090 2429 1869 2467; baseline -0.001 -8"><span class='ocrx_word' id='word_1_714' title='bbox 1090 2431 1239 2459; x_wconf 81' lang='lat' dir='ltr'>dientibus</span> <span class='ocrx_word' id='word_1_715' title='bbox 1254 2430 1333 2458; x_wconf 81' lang='lat' dir='ltr'>credi</span> <span class='ocrx_word' id='word_1_716' title='bbox 1357 2432 1464 2465; x_wconf 78' lang='lat' dir='ltr'>posset.</span> <span class='ocrx_word' id='word_1_717' title='bbox 1484 2431 1548 2457; x_wconf 81' lang='lat' dir='ltr'>Erat</span> <span class='ocrx_word' id='word_1_718' title='bbox 1562 2429 1652 2463; x_wconf 85' lang='lat' dir='ltr'>enim,</span> <span class='ocrx_word' id='word_1_719' title='bbox 1676 2432 1707 2457; x_wconf 90' lang='lat' dir='ltr'>ut</span> <span class='ocrx_word' id='word_1_720' title='bbox 1728 2430 1869 2467; x_wconf 71' lang='lat' dir='ltr'>Hierony-</span> 
     </span>
     <span class='ocr_line' id='line_1_100' title="bbox 1090 2475 1870 2513; baseline 0 -8"><span class='ocrx_word' id='word_1_721' title='bbox 1090 2487 1155 2506; x_wconf 82' lang='lat' dir='ltr'>uius</span> <span class='ocrx_word' id='word_1_722' title='bbox 1170 2479 1218 2512; x_wconf 83' lang='lat' dir='ltr'>ait,</span> <span class='ocrx_word' id='word_1_723' title='bbox 1237 2478 1300 2513; x_wconf 67' lang='lat' dir='ltr'>ipsa</span> <span class='ocrx_word' id='word_1_724' title='bbox 1319 2477 1421 2504; x_wconf 76' lang='lat' dir='ltr'>civitas</span> <span class='ocrx_word' id='word_1_725' title='bbox 1437 2476 1580 2512; x_wconf 74' lang='lat' dir='ltr'>disposita</span> <span class='ocrx_word' id='word_1_726' title='bbox 1596 2476 1625 2503; x_wconf 90' lang='lat' dir='ltr'>in</span> <span class='ocrx_word' id='word_1_727' title='bbox 1641 2475 1801 2512; x_wconf 81' lang='lat' dir='ltr'>quadrum,</span> <span class='ocrx_word' id='word_1_728' title='bbox 1818 2477 1870 2505; x_wconf 85' lang='lat' dir='ltr'>ha-</span> 
     </span>
    </p>
   </div>
   <div class='ocr_carea' id='block_1_9' title="bbox 1089 2560 1870 2698">
    <p class='ocr_par' dir='ltr' id='par_1_10' title="bbox 1089 2560 1870 2698">
     <span class='ocr_line' id='line_1_101' title="bbox 1089 2560 1869 2591; baseline 0.003 -8"><span class='ocrx_word' id='word_1_729' title='bbox 1089 2577 1119 2580; x_wconf 89' lang='lat'><em>-</em></span> <span class='ocrx_word' id='word_1_730' title='bbox 1140 2564 1157 2579; x_wconf 62' lang='lat' dir='ltr'>¹n</span> <span class='ocrx_word' id='word_1_731' title='bbox 1179 2563 1245 2590; x_wconf 67' lang='lat' dir='ltr'>Lim,</span> <span class='ocrx_word' id='word_1_732' title='bbox 1269 2567 1290 2590; x_wconf 89' lang='grc' dir='ltr'>ι,</span> <span class='ocrx_word' id='word_1_733' title='bbox 1312 2563 1350 2584; x_wconf 68' lang='lat'>533.</span> <span class='ocrx_word' id='word_1_734' title='bbox 1367 2573 1397 2577; x_wconf 96' lang='lat'><strong>—</strong></span> <span class='ocrx_word' id='word_1_735' title='bbox 1419 2561 1435 2576; x_wconf 91' lang='lat'>¹¹</span> <span class='ocrx_word' id='word_1_736' title='bbox 1456 2560 1570 2590; x_wconf 64' lang='lat' dir='ltr'>tticrou„</span> <span class='ocrx_word' id='word_1_737' title='bbox 1596 2561 1620 2583; x_wconf 77' lang='lat' dir='ltr'>in</span> <span class='ocrx_word' id='word_1_738' title='bbox 1643 2560 1702 2590; x_wconf 61' lang='lat' dir='ltr'>lm„</span> <span class='ocrx_word' id='word_1_739' title='bbox 1722 2568 1746 2584; x_wconf 86' lang='lat' dir='ltr'>c.</span> <span class='ocrx_word' id='word_1_740' title='bbox 1768 2566 1822 2591; x_wconf 78' lang='lat' dir='ltr'>xiv,</span> <span class='ocrx_word' id='word_1_741' title='bbox 1838 2568 1869 2585; x_wconf 79' lang='lat' dir='ltr'>ex</span> 
     </span>
     <span class='ocr_line' id='line_1_102' title="bbox 1091 2595 1870 2627; baseline -0.003 -5"><span class='ocrx_word' id='word_1_742' title='bbox 1091 2598 1245 2626; x_wconf 69' lang='lat' dir='ltr'>Herodiano,</span> <span class='ocrx_word' id='word_1_743' title='bbox 1262 2597 1304 2620; x_wconf 80' lang='lat' dir='ltr'>lib.</span> <span class='ocrx_word' id='word_1_744' title='bbox 1324 2597 1341 2626; x_wconf 81' lang='grc' dir='ltr'>Ι,</span> <span class='ocrx_word' id='word_1_745' title='bbox 1358 2596 1400 2626; x_wconf 72' lang='lat' dir='ltr'>qui</span> <span class='ocrx_word' id='word_1_746' title='bbox 1414 2595 1447 2619; x_wconf 86' lang='lat' dir='ltr'>ait</span> <span class='ocrx_word' id='word_1_747' title='bbox 1463 2595 1494 2619; x_wconf 86' lang='lat' dir='ltr'>ub</span> <span class='ocrx_word' id='word_1_748' title='bbox 1507 2595 1600 2625; x_wconf 69' lang='lat' dir='ltr'>angulo</span> <span class='ocrx_word' id='word_1_749' title='bbox 1613 2595 1644 2619; x_wconf 84' lang='lat' dir='ltr'>ud</span> <span class='ocrx_word' id='word_1_750' title='bbox 1659 2596 1780 2626; x_wconf 67' lang='lat' dir='ltr'>angulum</span> <span class='ocrx_word' id='word_1_751' title='bbox 1796 2597 1870 2627; x_wconf 87' lang='lat' dir='ltr'>quiu-</span> 
     </span>
     <span class='ocr_line' id='line_1_103' title="bbox 1090 2631 1868 2662; baseline -0.001 -4"><span class='ocrx_word' id='word_1_752' title='bbox 1090 2634 1172 2658; x_wconf 79' lang='lat' dir='ltr'>decim</span> <span class='ocrx_word' id='word_1_753' title='bbox 1187 2633 1319 2657; x_wconf 79' lang='lat' dir='ltr'>milliaria.</span> <span class='ocrx_word' id='word_1_754' title='bbox 1334 2634 1357 2655; x_wconf 78' lang='lat' dir='ltr'>et</span> <span class='ocrx_word' id='word_1_755' title='bbox 1378 2638 1423 2662; x_wconf 82' lang='lat' dir='ltr'>per</span> <span class='ocrx_word' id='word_1_756' title='bbox 1441 2631 1576 2655; x_wconf 79' lang='lat' dir='ltr'>circuitum</span> <span class='ocrx_word' id='word_1_757' title='bbox 1592 2631 1780 2662; x_wconf 77' lang='lat' dir='ltr'>quadringenta</span> <span class='ocrx_word' id='word_1_758' title='bbox 1800 2633 1868 2657; x_wconf 83' lang='lat' dir='ltr'>octo-</span> 
     </span>
     <span class='ocr_line' id='line_1_104' title="bbox 1091 2666 1526 2698; baseline -0.011 -4"><span class='ocrx_word' id='word_1_759' title='bbox 1091 2670 1160 2698; x_wconf 48' lang='lat' dir='ltr'>ssiutii</span> <span class='ocrx_word' id='word_1_760' title='bbox 1175 2669 1255 2694; x_wconf 75' lang='lat' dir='ltr'>stadia</span> <span class='ocrx_word' id='word_1_761' title='bbox 1270 2668 1346 2692; x_wconf 80' lang='lat' dir='ltr'>tuisse</span> <span class='ocrx_word' id='word_1_762' title='bbox 1362 2666 1526 2698; x_wconf 68' lang='lat' dir='ltr'>Babylonem.</span> 
     </span>
    </p>
   </div>
  </div>
 </body>
</html>
