2029 3052
259 269 319 300 160

401 336 458 363 Fac
471 334 561 370 sitire,
575 333 615 362 da
623 333 725 362 venire

401 381 446 410 Ad
458 389 575 410 coenam
589 379 658 416 agni
671 379 800 416 providi.
816 382 920 410 Amen.

294 429 324 466 Ῡ.
341 428 499 466 Disciplina
510 428 592 465 pacis
601 429 708 456 nostrae
720 435 808 464 super
823 435 902 456 eum.
918 427 948 464 ις).
966 427 1040 462 Quia

257 475 353 505 livore
366 476 430 512 eJus
443 475 538 504 sanati
551 483 664 504 sumus.

295 526 338 554 Ad
359 527 454 561 Magn.
477 525 644 561 Antiphone.
664 523 792 552 Recessit
809 525 911 561 pastor
940 526 1040 553 noster

257 573 368 608 honus,
381 572 448 601 fons
460 579 546 608 aquae
557 571 643 607 vivae,
660 571 731 608 quia
745 571 877 600 animam
891 579 977 600 suam
986 579 1041 608 po-

257 620 316 648 suit
331 627 387 657 pro
415 618 523 647 ovibus
548 618 618 652 suis,
641 620 670 647 et
696 627 752 656 pro
776 627 830 648 suo
849 627 939 655 grege
963 618 1041 647 mori

258 667 398 703 dignatus
419 668 472 695 est.
496 666 598 703 Kyrie,
621 666 743 695 eleison.
765 666 893 702 Christe,
915 666 1038 695 eleison.

258 714 344 751 Kyrie
352 735 362 750 ,
375 713 496 742 eleison.

599 787 704 815 Oratio.

296 858 418 887 Domine
435 859 502 886 Jesu
513 857 636 892 Christe,
648 857 699 894 qui
711 856 786 885 hora
800 856 859 885 diei
872 857 1041 893 vespertina

259 904 411 942 discipulis
432 904 488 933 tuis
503 904 637 941 corporis
663 905 691 932 et
711 903 865 940 sanguinis
888 904 930 932 tui
950 904 1041 932 tradi-

258 953 324 981 disti
337 952 487 989 mysteria,
499 954 527 980 et
541 951 578 980 de
588 959 674 980 cruee
689 952 803 988 positus
818 953 852 988 (a)
869 959 910 986 es,
921 952 1040 988 depone

259 999 364 1028 mentis
375 1001 480 1028 nostroe
493 999 564 1027 vitia
579 1001 607 1027 et
620 1001 788 1036 perpetrata
797 999 918 1034 scelera,
930 1001 961 1027 ut
972 1007 1040 1026 cum

258 1055 335 1083 pura
349 1046 529 1075 conscientia
545 1046 650 1074 eadem
666 1054 818 1074 sumamus
837 1046 988 1082 mysteria,
1009 1047 1041 1074 ut

259 1094 316 1123 sint
335 1094 422 1122 nobis
441 1093 471 1121 in
492 1093 660 1122 remedium
680 1093 728 1122 hic
750 1095 778 1122 et
797 1093 827 1121 in
849 1094 1038 1130 perpetuum.

259 1141 313 1175 Qui
331 1141 406 1169 vivis
420 1143 448 1170 et
461 1149 577 1177 regnas,
593 1141 647 1169 ete.

467 1219 688 1247 commemoratio
705 1219 840 1254 Virqinis.

295 1283 464 1318 Antiphone.
492 1282 602 1319 Regina
628 1282 807 1317 clementioe,
838 1282 924 1318 virgo
946 1284 1040 1310 mater

260 1329 375 1364 Christi,
389 1337 457 1357 cum
470 1329 586 1357 videres
601 1329 696 1357 filium
708 1331 792 1357 tuum
807 1329 836 1357 in
850 1337 935 1358 cruce
951 1329 1039 1363 mori,

260 1377 361 1405 nullus
375 1377 464 1406 dolor
477 1377 581 1405 similis
593 1379 643 1405 tuo
660 1377 768 1406 dolori.

296 1427 325 1462 ψ’.
345 1428 414 1461 Quoe
432 1427 534 1455 matris
552 1427 702 1462 angustias
726 1429 825 1463 posset
841 1427 943 1463 lingua
961 1427 1040 1455 sari?

260 1474 288 1509 ις’.
306 1474 379 1502 Cum
395 1474 509 1503 videret
523 1473 619 1502 filium
638 1474 668 1502 in
684 1482 770 1502 cruce
788 1473 908 1503 elavari.

595 1554 699 1582 Oratio.

295 1617 417 1646 Domine
432 1619 499 1645 Jesu
514 1617 635 1651 Christe,
665 1617 790 1654 virginis
805 1617 898 1645 Mariae
913 1617 955 1645 fili
971 1617 1039 1644 dul-

259 1664 392 1699 cissime,
418 1665 468 1700 qui
492 1673 559 1692 cum
585 1665 738 1701 proditore
763 1665 884 1693 cwnasti
895 1686 903 1699 ,
930 1664 1038 1692 deinde

259 1714 362 1748 eaptus
377 1711 474 1739 viliter
488 1713 596 1739 tras-tus
611 1712 687 1739 fuisti
701 1721 707 1743 ς
724 1714 841 1748 prusia,
857 1719 1038 1748 quaewmus,

260 1761 292 1786 ut
306 1759 357 1795 qui
374 1759 426 1787 tibi
444 1760 472 1787 et
488 1762 542 1787 ture
557 1759 748 1787 sanctissima*
769 1759 901 1795 genitrici
917 1767 1038 1795 eompa—

259 1806 358 1839 timur,
379 1806 533 1834 vobiscum
552 1815 672 1834 manere
694 1807 756 1834 sine
780 1807 905 1835 termino
928 1815 1040 1835 merea-

259 1861 336 1881 mur.
353 1853 406 1887 Qui
423 1854 497 1882 vivis
510 1856 536 1881 et
552 1861 669 1890 regnas,
685 1856 741 1882 etc.

477 1967 521 1994 ΑΙ)
541 1966 813 1994 COMPLETORIUM.

296 2052 325 2079 y.
348 2045 491 2072 Converte
507 2052 573 2079 nos,
589 2046 673 2073 Deus.
691 2047 720 2074 ἡ.
737 2047 768 2072 lit
781 2046 888 2073 averte.
907 2046 936 2081 5.
953 2046 1037 2080 neus,

259 2090 289 2118 in
305 2090 497 2126 adjutorium.
514 2092 681 2127 Antiphone.
698 2092 838 2128 l‘langent
852 2100 929 2120 eum.

553 2175 678 2202 Psffluus
700 2176 744 2202 87.

296 2233 417 2261 Domine
436 2235 509 2261 Deus
524 2234 624 2263 salutis
638 2243 710 2262 meae
728 2244 733 2262 :
755 2234 784 2263 in
801 2235 849 2263 dic
870 2234 995 2263 clamavi
1012 2236 1040 2262 et

260 2282 344 2309 noete
361 2288 462 2308 coram
477 2283 512 2308 te.

297 2330 384 2356 intret
398 2328 427 2354 in
445 2330 605 2363 conspeetu
629 2331 678 2356 tuo
699 2329 793 2357 oratio
809 2337 877 2357 mea
897 2338 903 2356 ε
929 2328 1039 2356 inclina

261 2383 362 2402 aurem
377 2378 457 2403 tuam
479 2375 517 2403 ad
537 2383 655 2410 precem
670 2383 778 2403 meam.

296 2422 369 2455 Quia
393 2422 505 2458 repleta
527 2424 569 2450 est
585 2422 670 2450 malis
691 2422 790 2451 anima
817 2431 905 2451 mea:
933 2426 959 2451 et
979 2423 1038 2451 vita

261 2477 327 2496 inea
342 2469 457 2497 inferno
471 2469 723 2505 appropinquavit
740 2470 786 2505 (1,).

290 2516 457 2544 ⁴Estimatus
467 2524 534 2544 sum
545 2524 612 2544 cum
624 2516 871 2545 descendentibus
880 2518 908 2545 in
921 2517 1037 2545 laeum:

260 2564 352 2590 sactus
367 2572 433 2591 sum
449 2563 624 2592 sieuthomo
639 2563 700 2591 sine
716 2563 864 2597 adiutorio
876 2565 951 2592 inter
962 2572 1039 2592 mor-

261 2612 326 2637 tuos
342 2610 426 2637 liber.

296 2657 372 2684 Sicut
386 2657 532 2685 vulnerati
548 2657 728 2686 dormientes
745 2657 774 2685 in
789 2658 941 2693 sepulcris,
962 2666 1038 2694 quo-

292 2717 297 2732 ¹
319 2716 323 2738 Ι
344 2716 421 2744 Petra,
441 2722 474 2746 iv,
494 2719 512 2740 1.

293 2756 325 2786 (a)
345 2756 398 2787 hey.
416 2756 589 2786 ‹lz·posilus.—
606 2757 638 2787 (lt)
657 2758 718 2781 Cael.
736 2757 796 2781 edit.
813 2757 1035 2790 appmpinquabit.

740 262 929 319 oFFlanM
949 265 1001 298 DE
1021 263 1218 300 PASSIONE
1238 267 1393 301 DOMINI.

1095 342 1164 363 rum
1178 343 1240 364 non
1260 343 1292 364 es
1305 344 1422 366 memor
1439 336 1569 374 amplius
1574 346 1584 373 ;
1599 339 1629 366 et
1647 337 1705 375 ipsi
1725 337 1764 368 de
1781 347 1875 370 manu

1096 383 1146 411 tua
1159 383 1270 420 repulsi
1283 386 1361 413 sunt.

1131 430 1294 459 posuerunt
1307 431 1356 459 me
1371 431 1402 460 in
1416 431 1483 461 lacu
1498 431 1648 461 interiori:
1665 432 1696 461 in
1710 433 1877 463 tenebrosis

1096 478 1124 504 et
1136 476 1168 504 in
1182 477 1292 506 umbra
1306 478 1420 506 mortis.

1131 523 1226 560 Super
1238 532 1288 553 me
1303 524 1495 554 confirmatus
1509 527 1553 555 est
1564 526 1648 556 furor
1662 528 1746 564 tuus3
1767 529 1796 556 et
1809 535 1876 557 om-

1095 578 1148 599 nes
1159 570 1267 600 fluctus
1282 573 1348 600 tuos
1362 571 1506 601 induxisti
1519 580 1609 610 super
1623 582 1680 603 me.

1132 618 1232 654 Longe
1253 618 1346 647 fecisti
1365 620 1453 648 notos
1474 628 1559 649 meos
1579 629 1598 650 a
1618 629 1689 650 me:
1712 624 1878 658 posuerunt

1095 673 1144 693 me
1159 665 1414 695 abominationem
1430 666 1498 695 sibi.

1131 711 1267 742 Traditus
1281 721 1359 749 sum,
1381 716 1410 743 et
1423 722 1486 743 non
1504 715 1682 751 egrediebar
1697 715 1795 745 :oculi
1817 717 1877 746 mei

1095 759 1273 796 languerunt
1288 769 1351 798 proe
1362 761 1474 798 inopia.

1131 807 1264 836 Clamavi
1279 808 1319 836 ad
1333 811 1370 843 te,
1388 809 1530 837 Domine:
1548 811 1608 839 tota
1622 809 1670 839 die
1691 810 1822 848 expandi
1836 810 1876 840 ad

1096 856 1122 883 te
1137 863 1246 883 manus
1260 863 1352 884 meas.

1131 902 1283 939 Numquid
1305 904 1430 932 mortuis
1446 904 1535 933 facies
1554 905 1704 934 mirabilia
1721 915 1728 934 :
1744 907 1796 934 aut
1810 914 1876 934 me-

1096 949 1154 977 dici
1169 949 1365 984 suscitabunt,
1382 953 1410 979 et
1423 951 1645 981 confitebuntur
1659 953 1736 981 tibi?

1131 997 1282 1034 Numquid
1295 998 1429 1027 narrabit
1443 998 1551 1036 aliquis
1563 999 1594 1027 in
1606 999 1744 1036 sepulcro
1759 1000 1876 1029 miseri·-

1096 1044 1230 1073 cordiam
1243 1047 1323 1073 tuam
1334 1055 1340 1074 :
1355 1048 1383 1074 et
1395 1046 1548 1075 veritatem
1557 1048 1638 1075 tuam
1648 1047 1679 1075 in
1688 1046 1854 1083 perditione
1861 1048 1876 1075 ἵ

1131 1092 1282 1128 Numquid
1297 1095 1514 1128 cognoscentur
1529 1094 1560 1122 in
1584 1094 1712 1123 tenebris
1725 1094 1877 1124 mirabilia

1096 1141 1163 1167 tua:
1180 1142 1208 1168 et
1218 1140 1331 1175 justitia
1344 1142 1395 1169 tua
1408 1140 1438 1169 in
1454 1143 1531 1169 terra
1545 1141 1707 1170 oblivionis
1718 1143 1733 1170 ⁶?

1132 1188 1165 1214 Et
1178 1194 1235 1222 ego
1246 1187 1285 1215 ad
1300 1189 1339 1223 te,
1355 1188 1488 1223 Domine,
1501 1188 1629 1217 clamavi
1644 1198 1651 1217 ι
1668 1191 1696 1217 et
1709 1197 1797 1218 mane
1809 1197 1876 1218 ora-

1094 1233 1135 1262 tio
1151 1242 1218 1262 mea
1233 1235 1392 1271 proeveniet
1407 1238 1444 1264 te.

1133 1282 1165 1309 Ut
1179 1281 1264 1317 quid,
1285 1283 1418 1318 Domine,
1441 1283 1561 1320 repellis
1571 1283 1736 1312 orationem
1751 1292 1850 1313 meam
1867 1294 1873 1312 ε

1095 1329 1202 1356 avertis
1216 1329 1322 1357 faciem
1339 1331 1419 1358 tuam
1434 1338 1451 1358 a
1467 1332 1534 1359 me?

1131 1377 1245 1413 Pauper
1260 1385 1326 1405 sum
1341 1384 1408 1414 ego,
1424 1379 1453 1406 et
1472 1378 1502 1406 in
1516 1378 1672 1407 laboribus
1691 1388 1707 1407 a
1720 1380 1875 1415 Jux⁷entute

1094 1431 1162 1451 mea
1178 1432 1184 1451 :
1202 1424 1345 1453 exaltatus
1360 1427 1469 1461 autem,
1485 1425 1660 1455 humiliatus
1676 1435 1742 1455 sum
1758 1429 1786 1456 et
1804 1435 1876 1456 eon-

1095 1470 1238 1499 turbatus.

1132 1520 1162 1547 ln
1186 1527 1234 1547 me
1263 1520 1441 1548 transierunt
1462 1519 1511 1549 irae
1534 1522 1611 1549 tuae:
1635 1523 1662 1550 et
1683 1524 1809 1551 terrores
1833 1523 1874 1551 tui

1095 1566 1346 1595 conturbaverunt
1360 1575 1419 1595 me.

1129 1614 1392 1642 Circumdederunt
1416 1623 1483 1650 me,
1507 1616 1580 1644 sicut
1601 1624 1697 1653 aqua,
1717 1618 1777 1646 tota
1801 1617 1848 1646 die
1866 1627 1872 1645 ι

1095 1660 1355 1690 circumdederunt
1369 1671 1416 1690 me
1431 1662 1531 1691 simul.

1132 1708 1279 1744 Elongasti
1293 1717 1310 1737 a
1322 1717 1370 1737 mc
1385 1709 1513 1737 amicum
1529 1711 1557 1738 et
1572 1710 1763 1746 proximum:
1777 1713 1805 1740 et
1819 1719 1874 1740 no-

1094 1757 1139 1783 tos
1155 1763 1238 1783 meos
1252 1763 1269 1783 a
1285 1755 1411 1784 miseria.
1429 1756 1527 1784 Gloria
1543 1757 1630 1792 Patri,
1646 1760 1700 1785 etc.

1130 1804 1300 1839 Antiphone.
1325 1804 1467 1840 l‘langent
1483 1813 1551 1832 eum
1575 1806 1660 1841 quasi
1677 1805 1873 1842 unigenitum,

1094 1850 1165 1886 quia
1179 1850 1323 1879 innocens
1339 1851 1480 1879 Dominus
1495 1851 1610 1880 occisus
1625 1854 1676 1880 est.

1425 1933 1548 1962 liumus.

1219 1992 1272 2026 Qui
1284 1993 1402 2028 jacuisti
1417 1995 1563 2029 mortuus,

1184 2041 1214 2067 ln
1230 2042 1312 2075 petra
1327 2042 1386 2068 Rex
1403 2040 1559 2073 innocuus,

1183 2087 1237 2114 Fae
1253 2095 1307 2115 nos
1322 2087 1352 2114 in
1369 2089 1394 2115 te
1411 2088 1573 2123 quiescere,

1182 2134 1379 2170 Sanctamque
1395 2134 1486 2162 vitam
1501 2134 1619 2163 ducere.

1218 2182 1359 2209 Sneeurre
1376 2182 1474 2216 nohis,
1492 2182 1625 2217 Domine,

1183 2230 1263 2261 Quos
1275 2228 1423 2256 redemisti
1439 2229 1582 2264 sanguine
1597 2239 1603 2257 :

1184 2277 1215 2303 Et
1230 2275 1287 2303 due
1301 2283 1355 2304 nos
1373 2276 1410 2304 ad
1426 2277 1554 2305 coelestia

1183 2324 1305 2351 ,Eternae
1320 2324 1401 2359 pacis
1417 2324 1536 2359 gaudia.

1219 2371 1304 2406 Laus,
1317 2371 1424 2404 honor,
1440 2372 1551 2401 Christo
1564 2372 1694 2407 vendito,
1708 2375 1761 2401 cte.

1389 2454 1547 2488 Capitulum
1562 2454 1582 2481 ¹.

1128 2515 1240 2544 Christo
1256 2516 1284 2543 in
1302 2524 1389 2544 carne
1409 2525 1505 2553 passo,
1523 2517 1550 2544 ct
1565 2524 1616 2544 vos
1634 2516 1739 2545 eadem
1763 2518 1871 2553 cogita-

1094 2563 1172 2591 tione
1187 2564 1354 2592 armamini.

1131 2619 1158 2645 ).
1176 2612 1207 2639 Et
1222 2611 1314 2639 faetus
1330 2614 1372 2639 est
1386 2612 1416 2639 in
1426 2619 1497 2647 paee
1508 2611 1591 2639 locus
1607 2612 1679 2647 ejus.

1130 2658 1158 2693 ις’.
1176 2659 1208 2686 Et
1223 2657 1366 2687 habitatio
1383 2659 1446 2694 ejus
1459 2659 1488 2686 in
1503 2658 1581 2687 Sion.

1130 2705 1176 2733 Ad
1191 2707 1281 2733 Nunc.
1304 2706 1473 2740 Antiphone.
1494 2705 1628 2735 Salvator
1650 2706 1766 2740 mundi,
1789 2707 1871 2736 salva

1093 2761 1157 2783 nos,
1180 2753 1231 2788 qui
1256 2761 1308 2788 per
1327 2760 1445 2781 erucem
1467 2755 1495 2781 et
1523 2753 1696 2789 sanguinem
1721 2754 1868 2783 redemisti
