2029 3052
239 211 298 240 492

238 274 432 316 impossibile
444 298 453 312 ,
488 274 543 305 sed
577 271 786 312 congregatio
819 269 1017 311 impossibile

239 330 403 370 profitens,
417 329 494 359 etse
508 327 548 358 ad
562 325 756 366 impossibile
768 324 888 364 ligem,
900 324 949 354 est
964 333 1016 355 su-

239 383 429 424 perstitiosa,
449 383 480 413 et
493 390 589 419 vana,
605 382 637 411 et
657 379 755 416 fatua,
770 387 806 409 ac
825 387 882 418 per
895 378 957 409 hoc
969 386 1018 409 re-

239 436 415 477 probanda,
437 435 514 476 quia
527 443 672 465 erronea.
689 433 794 473 Igitur
808 433 929 464 loculos
951 442 1017 464 non

240 492 413 529 habentes,
438 489 616 521 secundnm
644 487 831 528 hujusmodi
857 487 1019 527 dogmatis

240 545 461 583 assertionem,
477 553 542 574 non
557 544 633 573 sunt
650 542 744 582 digni
759 541 864 579 laude,
889 542 944 573 sed
964 551 1018 572 re-

242 599 439 639 probatione.
470 597 619 637 Insuper,
648 596 672 626 si
697 595 894 636 quicumque
915 604 1018 626 mem-

240 653 338 684 brum
354 650 470 683 Christi
481 653 539 689 est,
551 659 623 681 cum
636 649 760 681 Christo
775 649 895 680 loculos
909 648 1017 687 habet,

241 708 278 738 ut
292 705 414 743 asserit,
430 714 449 736 a
463 704 676 736 destructione
696 703 940 743 consequentis,
962 702 1020 742 qui

240 760 362 791 loculos
376 768 441 790 non
456 759 562 797 habet,
579 767 644 789 non
659 759 707 788 est
728 757 911 788 membrum
930 756 1019 787 Chri-

242 813 293 845 sti.
308 813 354 844 Ex
366 823 430 854 quo
446 813 541 844 etiam
556 811 712 852 sequitur,
726 810 811 850 quod
825 819 936 841 omnes
946 819 1022 850 pau-

241 876 333 908 peres
346 867 425 898 nihil
439 866 603 904 habenteS,
618 866 649 896 et
662 873 793 905 prorsus
805 863 914 895 omnia
926 863 1020 894 relin-

241 923 394 962 quentes,
425 919 519 951 alieni
548 921 624 949 sunt
654 918 694 948 ab
728 918 850 949 unitate
879 917 1021 957 corporis

243 974 379 1015 mystici,
396 976 550 1014 tanquam
565 973 591 1003 si
606 973 633 1003 is
647 972 704 1012 qui
719 972 837 1002 habere
850 972 1020 1012 pecuniam

242 1028 391 1066 noluerit,
409 1027 547 1066 gratiam
563 1026 679 1058 Christi
694 1026 812 1056 habere
827 1034 891 1056 non
909 1025 1018 1065 possit,

243 1093 279 1114 ac
299 1092 355 1123 per
377 1082 438 1113 hoc
453 1081 572 1112 beatior
586 1080 684 1111 fuerit
706 1079 803 1110 Judas
825 1078 880 1118 qui
901 1077 1023 1109 loculos

244 1137 369 1174 habuit,
385 1144 482 1176 quam
499 1134 611 1165 Petrus
625 1134 683 1174 qui
698 1133 778 1164 dixit
791 1133 799 1149 ¹
820 1143 827 1163 z
845 1132 1023 1171 Argentum

245 1194 403 1223 ecdurum
419 1197 484 1221 non
503 1191 546 1220 est
568 1188 659 1219 inihi.
679 1187 760 1218 Dum
775 1186 883 1221 etiam,
907 1194 1021 1215 secun-

245 1245 322 1276 dum
337 1244 420 1275 hanc
434 1243 599 1283 profanam
615 1241 816 1278 sententiam,
834 1240 901 1279 ipse
919 1238 1025 1270 Domi-

246 1307 307 1329 nus
320 1300 410 1329 Jesus
420 1306 484 1328 non
499 1296 558 1326 nisi
574 1296 605 1325 in
619 1295 728 1326 loculis
744 1294 887 1324 inveniat
901 1294 1022 1328 locum,

246 1352 302 1392 qui
321 1353 446 1389 tamen,
472 1359 528 1390 per
553 1349 667 1380 isaiam
691 1348 895 1388 prophetam,
917 1347 1025 1377 locum

246 1414 313 1436 suae
325 1403 530 1444 requietionis
542 1403 655 1433 asserit
665 1402 675 1418 ¹
687 1409 784 1441 super
796 1400 1025 1441 pauperculum

247 1462 277 1492 et
291 1460 477 1491 contritum.
496 1457 573 1488 Ecce
588 1456 691 1496 qualis
706 1464 884 1496 pauperum
906 1454 1026 1485 collau-

249 1513 350 1549 dator,
367 1513 420 1552 qui
437 1512 544 1549 etiam,
560 1513 597 1541 ut
613 1510 662 1540 sui
678 1509 812 1550 pectoris
828 1509 916 1539 virus
927 1508 1027 1538 abun-

249 1566 377 1597 dantius
398 1567 540 1602 evomat,
563 1564 689 1595 eosdem
712 1563 825 1593 nititur
848 1562 886 1592 de
913 1561 1027 1592 haeresi

250 1621 366 1661 duplici
383 1620 416 1651 in
431 1618 699 1659 consequentibus
714 1616 869 1647 notabiles
883 1615 1024 1652 reddere,

251 1687 325 1708 cum
344 1675 524 1715 subiungit,
549 1674 692 1713 allegans
718 1671 938 1703 anctoritatem
961 1670 1027 1700 Au-

252 1731 374 1771 gustini
386 1731 395 1747 ³
407 1729 445 1761 de
455 1727 648 1765 Hem-esibus,
666 1728 696 1757 et
709 1726 804 1756 etiam
820 1728 931 1756 contra
949 1724 1031 1755 Fau-

252 1789 348 1821 stum,
365 1783 449 1824 quod
469 1795 483 1812 «
498 1782 645 1822 quaedam
661 1783 707 1811 est
722 1779 855 1810 haeresis
871 1779 964 1809 nndis
976 1787 1030 1817 pe-

253 1840 346 1870 dibus
361 1836 607 1872 ambulantium,
629 1844 695 1865 non
714 1834 791 1873 quia
815 1834 942 1872 propter
959 1840 1029 1861 cor-

254 1893 340 1933 poris
364 1891 568 1922 aftlictionem
602 1888 645 1918 sic
671 1887 853 1924 amhulant,
879 1885 932 1915 sed
957 1884 1033 1924 qnia

255 1946 364 1977 divina
383 1944 563 1976 testimonia
587 1942 692 1973 taliter
716 1940 912 1979 intelligunt.
936 1939 987 1969 Sic
1003 1941 1034 1968 et

256 1999 422 2031 Manichaei
436 1998 623 2038 jtidicantur
638 1990 790 2030 liceretici,
804 2003 869 2024 non
885 1993 959 2033 quia
980 2002 1033 2032 pe-

257 2054 368 2085 cunias
395 2055 450 2083 aut
474 2051 593 2081 loculos
615 2059 679 2079 non
702 2049 854 2085 habeant,
881 2047 934 2077 sed
959 2046 1035 2086 quia

258 2107 439 2139 testimonia
459 2106 567 2136 divina
585 2104 681 2134 etiam
703 2103 742 2133 ad
763 2103 822 2132 hoc
847 2102 964 2132 referre
985 2101 1034 2131 ni-

259 2164 382 2193 tuntur.
401 2171 415 2188 n
431 2159 506 2190 Haec
517 2158 613 2189 verba
627 2157 724 2194 illius,
737 2155 898 2195 inquibus
911 2156 1036 2185 foveam

260 2215 376 2247 erroris
395 2213 505 2253 aperit,
529 2221 626 2252 quam
650 2220 715 2241 non
738 2210 868 2240 claudit.
892 2208 970 2239 Nam
997 2218 1037 2238 ex

259 2271 310 2301 his
335 2268 500 2299 manifeste
522 2265 688 2305 relinquit,
715 2264 791 2304 quia
812 2263 837 2293 si
862 2263 918 2303 qui
944 2263 1038 2293 nudis

261 2323 395 2364 pedibus
408 2320 559 2351 incedunt
574 2321 604 2348 et
619 2318 731 2348 loculis
745 2319 864 2354 carent,
879 2319 909 2347 et
924 2316 962 2346 ad
980 2316 1038 2346 hoe

261 2377 370 2407 divina
386 2373 565 2406 testimonia
580 2372 734 2409 referunt,
749 2371 781 2400 in
795 2370 954 2410 duplicem
970 2370 1038 2400 hae-

260 2431 357 2462 resim
375 2428 531 2463 incidunt,
547 2425 662 2456 scilicet
678 2425 772 2454 nudis
786 2424 917 2464 pedibus
929 2424 1041 2454 ambu-

262 2485 411 2520 lantium,
429 2485 459 2512 et
475 2480 739 2512 Manichaeorum.
766 2479 892 2508 Constat
912 2481 1037 2515 autem,

263 2538 348 2579 quod
363 2535 548 2575 hujusmodi
570 2541 725 2574 pauperes
745 2531 814 2561 ideo
836 2531 929 2561 nudis
951 2531 1039 2571 pedi-

264 2593 324 2623 bus
351 2589 520 2624 incedunt,
543 2590 574 2618 et
601 2585 713 2617 loculis
745 2586 870 2620 carent,
903 2587 938 2615 ut
963 2584 1040 2615 illud

266 2643 435 2684 Evangelii
463 2642 598 2673 verbum
633 2640 672 2670 ad
705 2639 841 2669 litteram
869 2639 1039 2678 impleant,

297 2709 303 2725 ¹
320 2708 385 2737 Act„
402 2712 446 2736 ιιι,
466 2707 489 2729 6.
510 2717 540 2722 -
554 2704 640 2733 ¹1sa.,
663 2708 738 2732 vai,
757 2703 780 2725 3.
795 2714 825 2720 —
845 2701 855 2717 ³
876 2702 994 2731 August..
1013 2701 1043 2726 de

816 201 1028 235 APOLOGIAE
1047 201 1267 235 PAUPERUM

1072 271 1159 310 quod
1172 271 1327 302 Dominus
1341 271 1424 302 dixit
1439 271 1451 288 ⁴
1464 271 1639 312 discipulis,
1655 275 1694 303 ut
1706 281 1774 304 non
1785 274 1851 305 fer-

1072 326 1144 355 rent
1158 333 1203 356 aes
1217 325 1253 356 in
1272 325 1376 363 zonis,
1396 333 1456 355 nec
1477 324 1689 356 calceamenta
1704 326 1739 357 in
1760 327 1851 367 pedi-

1073 378 1146 410 bus.
1163 378 1247 417 Ideo,
1259 379 1435 410 secundum
1447 379 1652 410 assertionem
1662 380 1852 420 hujusmodi

1074 431 1233 471 dogmatis
1246 431 1348 472 impii,
1364 432 1399 462 in
1420 432 1581 472 duplicem
1604 433 1754 464 haeresim
1778 436 1853 465 sunt

1073 485 1166 525 lapsi.
1182 485 1271 522 Quod
1291 486 1317 516 si
1338 495 1455 517 verum
1470 488 1528 525 est,
1549 496 1606 527 per
1629 496 1759 518 omnem
1779 497 1849 519 mo-

1075 539 1151 570 dum
1166 539 1338 579 apostolica
1351 540 1469 571 erravit
1482 539 1630 579 Ecclesia,
1646 549 1720 581 quae
1733 543 1852 574 statum

1074 593 1187 624 talium
1211 593 1417 633 approbavit,
1445 596 1476 625 et
1495 596 1640 626 auctores
1665 595 1852 635 hujusmodi

1075 647 1236 678 haeresum
1251 647 1398 687 catalogo
1412 647 1602 679 Sanctorum
1623 649 1776 689 ascripsit.
1793 649 1850 680 Er-

1075 704 1230 732 raverunt
1244 701 1454 732 nihilominus
1472 702 1671 742 Ambrosius,
1696 702 1855 743 Augusti-

1076 764 1149 793 nuS,
1166 755 1391 796 Hieronymus,
1409 756 1664 797 Chrysostomus,
1681 757 1776 795 Beda,
1792 756 1855 788 Ra-

1077 809 1181 840 banus
1197 811 1229 840 et
1249 809 1441 847 BernarduS,
1466 811 1523 851 qui
1545 820 1656 842 omnes
1680 812 1852 850 affirmant,

1077 864 1164 904 quod
1183 864 1414 895 documentum
1432 863 1546 894 Christi
1567 864 1607 895 ad
1629 864 1796 905 Apostolos
1816 865 1855 896 de

1077 927 1141 949 non
1165 917 1295 948 ferenda
1318 917 1464 957 pecunia,
1487 918 1528 948 sit
1547 917 1794 958 intelligendum
1816 918 1855 949 ad

1077 972 1229 1011 litteram,
1259 972 1340 1002 sicut
1370 972 1576 1003 manifestum
1603 974 1651 1003 est
1679 981 1719 1003 ex
1739 972 1853 1012 praeal-

1077 1026 1194 1066 legatis
1217 1026 1458 1057 auctoritatibus
1483 1026 1647 1066 ipsorum,
1676 1026 1710 1057 in
1733 1035 1854 1067 praece-

1079 1080 1183 1111 dentis
1208 1079 1424 1119 responsionis
1446 1080 1600 1119 particula
1624 1080 1737 1120 prima.
1761 1079 1852 1117 Quod

1080 1135 1157 1175 quia
1172 1134 1342 1174 profanum
1357 1135 1403 1164 est
1413 1133 1530 1164 sentire
1541 1134 1578 1164 de
1589 1133 1716 1172 sanctis,
1727 1142 1854 1165 necesse

1080 1188 1176 1219 habet
1190 1187 1241 1218 hic
1256 1187 1298 1217 im
1305 1187 1422 1226 positor
1437 1196 1585 1217 errorum
1599 1186 1637 1217 ad
1653 1186 1738 1227 piam
1753 1186 1858 1217 redire

1080 1241 1324 1280 intelligentiam
1341 1240 1499 1278 veritatis,
1517 1241 1541 1270 si
1555 1242 1641 1280 Justa
1653 1249 1718 1271 non
1732 1240 1802 1271 vult
1816 1240 1856 1271 t’e-

1081 1295 1136 1326 riri
1145 1294 1532 1325 sententiadamnationis.
1543 1294 1691 1324 Attendat
1702 1294 1805 1334 igitur
1813 1293 1860 1324 in-

1081 1351 1226 1379 sensatus
1238 1352 1268 1378 et
1280 1347 1421 1388 pertidus
1431 1372 1438 1386 ,
1455 1348 1541 1388 quod
1556 1348 1665 1379 divina
1678 1347 1861 1378 testimonia

1081 1403 1249 1442 dupliciter
1263 1402 1311 1432 his
1324 1402 1425 1442 aptari
1440 1404 1582 1442 possunt,
1597 1411 1652 1442 per
1668 1401 1799 1432 modum
1816 1401 1861 1431 vi-

1082 1456 1193 1487 delicet
1206 1455 1340 1492 cons'dii,
1358 1456 1408 1486 vel
1431 1455 1592 1495 praecepti.
1615 1455 1646 1486 Si
1671 1455 1742 1496 quis
1760 1455 1862 1494 igitur

1083 1510 1122 1541 ad
1145 1510 1321 1540 nuditatem
1344 1509 1463 1549 pedum
1489 1511 1521 1540 et
1545 1509 1717 1540 carentiam
1739 1508 1860 1539 loculo-

1085 1573 1158 1595 rum
1183 1564 1228 1594 sie
1253 1563 1362 1594 divina
1381 1566 1504 1603 coaptat
1529 1563 1665 1603 eloquia,
1689 1565 1724 1593 ut
1746 1571 1784 1593 ea
1805 1570 1863 1602 per

1085 1618 1284 1657 scripturam
1301 1619 1421 1647 astruat
1435 1626 1502 1647 esse
1519 1618 1688 1656 praecepta,
1705 1618 1737 1647 et
1751 1625 1863 1646 neces-

1085 1671 1169 1701 saria
1193 1671 1232 1701 ad
1256 1670 1411 1707 salutem,
1437 1672 1591 1709 tanquam
1618 1669 1727 1700 nullus
1746 1668 1863 1699 salvari

1087 1725 1195 1765 possit,
1212 1724 1274 1754 nisi
1290 1724 1426 1764 pedibus
1440 1723 1534 1754 nudis
1553 1723 1677 1753 incedat
1697 1725 1728 1753 et
1750 1722 1864 1753 loculis

1086 1780 1202 1815 careat,
1220 1777 1387 1817 dupliciter
1407 1779 1501 1807 errat.
1520 1776 1551 1808 Si
1568 1777 1639 1816 quis
1653 1785 1731 1807 vero
1745 1776 1784 1806 ad
1805 1775 1865 1806 hoc

1087 1835 1196 1872 aptare
1221 1832 1333 1862 nititur
1365 1831 1472 1862 divina
1500 1831 1682 1862 testimonia
1713 1832 1865 1869 tanquam

1088 1887 1150 1917 siut
1164 1885 1318 1922 consulta,
1335 1887 1365 1916 et
1379 1884 1668 1925 supererogatoria,
1685 1886 1716 1914 et
1731 1883 1769 1914 ad
1785 1883 1867 1913 salu-

1090 1942 1153 1970 tem
1169 1939 1380 1978 expedientia,
1398 1947 1463 1969 non
1478 1940 1524 1968 est
1540 1937 1715 1968 censendus
1738 1936 1865 1967 haereti-

1091 2004 1159 2030 cus,
1176 1993 1230 2024 sed
1243 2003 1339 2024 verus
1355 1993 1467 2023 Christi
1483 1992 1674 2032 discipulus3
1690 2001 1755 2022 non
1772 1990 1868 2021 Mani-

1091 2048 1211 2085 chaeus,
1230 2048 1282 2077 sed
1299 2056 1395 2077 verus
1418 2046 1625 2077 Christianus.
1648 2045 1687 2076 Et
1709 2044 1793 2085 quod
1815 2044 1867 2074 hic

1092 2101 1188 2132 suerit
1200 2101 1377 2131 intellectus
1391 2100 1436 2140 pii
1449 2100 1585 2130 doctoris
1601 2098 1788 2138 Augustini,
1802 2106 1868 2128 ma—

1094 2156 1204 2185 nifeste
1219 2154 1382 2192 colligitur
1395 2163 1435 2184 ex
1456 2153 1562 2183 verbis
1583 2153 1683 2193 ipsius
1697 2152 1808 2191 quinto
1825 2150 1867 2180 li—

1093 2209 1150 2239 bro
1166 2210 1276 2238 contra
1293 2207 1446 2238 Faustum
1460 2207 1481 2237 ⁵.
1498 2205 1577 2236 Nam
1589 2205 1785 2246 praemittens
1798 2212 1869 2235 ver-

1093 2263 1131 2292 ba
1146 2261 1307 2298 Fausti,in
1317 2261 1435 2300 quihus
1444 2270 1475 2290 se
1488 2260 1645 2299 gloriatur
1658 2257 1870 2297 Evangelium

1094 2316 1247 2355 accipere,
1268 2315 1342 2354 quia
1363 2316 1535 2353 argentum
1556 2315 1587 2343 et
1610 2321 1726 2343 aurum
1745 2310 1869 2351 deJecit‚

1094 2372 1124 2400 et
1140 2378 1184 2399 aes
1199 2369 1232 2398 iu
1252 2368 1338 2398 zonis
1357 2368 1475 2398 habere
1491 2367 1618 2403 destitit,
1635 2368 1666 2396 et
1687 2367 1801 2396 caetera
1821 2363 1872 2394 his

1096 2423 1221 2460 similia,
1244 2421 1447 2462 postmodum
1471 2420 1637 2460 respondet
1659 2419 1717 2450 hoc
1736 2417 1868 2449 ordine:

1096 2477 1200 2517 primo
1215 2477 1320 2516 ipsum
1337 2475 1505 2506 ostendens
1523 2473 1723 2514 hypocritam
1738 2472 1769 2501 et
1784 2479 1873 2500 men-

1097 2531 1217 2568 dacem,
1235 2532 1263 2560 et
1283 2529 1413 2559 tandem
1432 2528 1631 2564 haereticum,
1649 2526 1681 2555 in
1698 2525 1758 2554 hoc
1779 2523 1870 2554 vide-

1097 2584 1179 2622 licet,
1197 2583 1281 2624 quod
1299 2582 1436 2613 Ecclesia
1452 2580 1618 2620 distinguit
1631 2579 1665 2609 in
1680 2577 1774 2608 modo
1789 2576 1871 2607 acci-

1100 2664 1229 2693 lim-esth„
1242 2663 1304 2688 haer.
1321 2665 1359 2687 68.
1375 2675 1405 2680 -
1421 2663 1431 2679 ⁴
1444 2661 1546 2690 Manli„
1561 2667 1587 2690 x,
1602 2661 1639 2684 10.
1653 2672 1681 2677 —
1697 2662 1704 2673 ³
1719 2660 1795 2690 Aug„
1811 2658 1873 2683 cont.

1100 2701 1198 2730 FansL,
1215 2700 1257 2724 tib.
1275 2700 1306 2730 V,
1321 2706 1343 2723 e.
1360 2704 1377 2723 1.
