2029 3052
245 168 305 200 138

243 234 306 264 rius
327 241 382 271 per
403 231 602 262 elevationem
625 229 774 269 superbia
795 229 805 247 ¹
828 239 835 258 :
855 238 870 257 ι
890 228 1031 260 Exierunt

244 282 366 311 locustae
379 280 416 310 de
429 282 520 318 puteo
535 279 648 318 abyssi.
665 289 680 306 n
695 277 826 314 Rubigo,
840 284 878 306 eo
890 275 976 314 quod
984 275 1031 304 vi-

246 329 299 358 tiat
313 328 420 366 spicas,
437 327 618 358 assimilatur
631 326 690 356 irai.
707 327 739 355 ln
752 325 811 354 hoc
829 324 928 361 potest
939 331 1030 352 sensu

247 376 343 413 accipi
358 375 434 405 illud
448 375 483 404 ²:
503 385 517 402 α
537 373 698 403 Residuum
717 379 814 401 erueoe
831 370 964 400 comedit
984 370 1030 399 lo-

248 425 332 453 custa
347 432 355 452 :
371 425 401 452 et
413 422 567 452 residuum
581 420 702 450 locustoe
723 418 855 448 comedit
872 417 1006 447 bruchus
1021 427 1029 446 ε

249 473 279 500 et
291 470 446 500 residuum
459 467 566 498 bruchi
579 466 712 496 eomedit
725 465 845 502 rubigo.
860 475 875 493 n
893 463 1031 494 Obsessio

249 518 442 548 inimicorum
461 516 548 553 ‚iuxta
569 516 672 552 portas
694 513 825 542 acidiam
848 512 957 549 signat,
978 519 1032 548 per

249 573 343 604 quam
357 565 510 594 daemones
523 563 564 591 ita
583 561 718 591 animam
736 559 902 598 possident,
919 561 952 588 ut
969 566 1032 587 non

250 612 344 650 possit
370 609 513 648 progredi
547 609 588 638 ad
617 608 823 646 operationem
856 608 1030 636 humanam.

252 661 480 695 Quamcumque
495 664 568 694 ergo
579 656 712 685 animam
720 655 784 684 haeo
793 654 875 684 mala
882 653 1032 689 obsident,

251 706 345 735 vadat
361 705 401 734 ad
417 704 543 734 domum
557 703 712 738 orationis,
729 704 784 731 etc.

286 753 426 788 Quintam
443 759 566 781 causam
587 750 727 788 exprimit
747 749 903 783 Salomon,
923 747 1035 776 scilicet

251 800 336 838 quod
347 800 379 828 in
388 799 482 829 domo
497 798 640 828 orationis
653 797 814 826 exauditur
826 803 916 824 orans
928 795 1036 831 jucun-

252 848 386 883 ditatem,
403 847 505 875 dicens
520 847 531 864 ³
549 855 555 874 :
571 855 584 872 α
596 845 624 874 Si
640 844 707 881 quis
722 843 898 880 cognoverit
911 842 1033 879 plagam

252 895 351 924 cordis
365 894 422 928 sui,
436 896 464 922 et
477 900 575 930 expan
587 892 654 921 lerit
670 898 779 920 manus
800 898 869 919 suas
890 889 922 918 in
942 889 1035 918 domo

251 942 319 977 bac,
341 943 372 969 tu
393 940 537 969 exaudies
556 939 586 968 in
611 939 699 973 coelo,
725 941 753 967 et
777 936 996 975 propitiaberis.
1020 947 1033 962 n

253 988 353 1018 Cordis
374 987 463 1025 plaga
481 987 589 1015 dicitur
608 986 723 1015 tristitia
737 985 747 1001 ⁸
762 994 769 1013 :
789 996 801 1010 ιι
816 985 917 1014 Omnis
933 984 1036 1021 plaga,

255 1035 367 1064 tristitia
383 1034 482 1063 cordis
502 1036 553 1062 est.
577 1044 590 1059 u
612 1035 733 1070 Propter
757 1031 841 1069 quod
868 1031 976 1060 dicitur
995 1031 1005 1047 ⁸
1029 1041 1035 1058 :

256 1094 269 1109 «
288 1082 414 1111 Tristitia
434 1081 533 1109 saeculi
556 1083 683 1109 mortem
712 1081 861 1117 operatur.
890 1089 902 1104 n
927 1078 955 1107 Si
977 1085 1039 1115 qua

254 1130 354 1159 anima
369 1129 474 1158 sentiat
489 1137 519 1158 se
533 1129 646 1157 tristitia
657 1128 756 1157 cordis
769 1134 955 1164 oppressam,
968 1134 1038 1154 con-

254 1176 348 1213 fugiat
362 1176 402 1205 ad
413 1176 540 1205 domum
555 1175 709 1210 orationis,
725 1176 829 1211 petens
849 1181 867 1202 a
887 1173 1039 1202 salvatore

255 1223 492 1252 consolationem
507 1224 535 1250 et
543 1221 771 1258 jucunditatem.
789 1220 869 1249 Unde
883 1221 893 1237 ⁶
909 1230 917 1248 .·
933 1230 946 1245 «
960 1219 1040 1248 uise-

255 1278 320 1300 rere
340 1270 409 1305 mei‚
436 1271 520 1305 DeuS,
537 1269 684 1306 quoniam
699 1268 738 1296 ad
755 1270 781 1296 te
799 1267 938 1302 clamavi,
954 1277 968 1293 »
983 1269 1038 1294 etc.

293 1320 409 1347 Sextam
437 1326 559 1346 causam
589 1317 726 1352 designat
751 1316 901 1350 Salomon,
932 1314 1041 1343 scilicet

258 1366 341 1403 quod
357 1365 386 1393 in
407 1365 499 1393 domo
522 1364 665 1393 orationis
685 1363 842 1391 exauditur
861 1362 1042 1398 alienigena,

259 1421 349 1441 orans
359 1412 599 1449 prosperitatem,
611 1411 731 1439 dicens'1
747 1419 753 1438 ι
772 1421 785 1436 (ι
801 1410 857 1444 Qui
872 1417 934 1438 non
950 1411 992 1437 est
1005 1409 1043 1437 de

258 1460 372 1497 populo
389 1462 440 1488 tuo
462 1459 561 1493 lsrael,
578 1466 646 1486 cum
665 1458 790 1492 venerit,
812 1459 840 1485 et
863 1456 992 1485 oraverit
1013 1456 1043 1484 in

258 1507 325 1535 loeo
340 1507 407 1540 isto,
423 1508 454 1534 tu
471 1505 624 1534 exaudies.
644 1516 657 1531 n
675 1505 804 1541 Populus
825 1503 923 1538 lsrael,
945 1511 1043 1540 popu-

260 1554 306 1582 lus
323 1554 484 1589 justorum,
503 1553 584 1588 justa
599 1552 714 1580 illud'¹:
736 1552 816 1586 «Qui
839 1559 898 1579 non
921 1559 956 1578 ex
977 1558 1043 1577 san-

261 1600 415 1636 guinibus,
438 1608 535 1636 neque
555 1608 590 1628 ex
613 1599 776 1633 voluntate,
792 1609 805 1624 u
823 1601 877 1626 etc.
902 1597 1045 1632 Alienige-

263 1656 307 1675 nae
332 1650 399 1675 sunt
427 1647 558 1683 populus
586 1649 777 1682 peccatorum
792 1645 802 1660 ‘⁵
819 1655 824 1673 :
845 1656 857 1671 ι(
875 1645 1043 1680 Derelique-

262 1697 329 1723 runt
354 1694 524 1728 Dominum,
552 1696 579 1721 et
604 1693 887 1730 blasphemaverunt
911 1694 1042 1719 sanctum

262 1742 348 1770 lsrael
370 1751 376 1769 :
406 1741 525 1769 alienati
550 1743 616 1768 sunt
637 1743 807 1768 retrorsum.
836 1750 848 1764 n
873 1740 942 1768 Mira
973 1747 1044 1773 ergo

263 1788 439 1825 exprimitur
449 1788 645 1822 clementiam)
658 1787 763 1815 animm
776 1787 954 1822 peccatricis,
965 1794 1043 1820 cum,

263 1836 367 1863 virtute
382 1834 623 1863 sanctificationis
644 1837 672 1862 et
690 1833 887 1862 dedicationis
901 1833 1044 1867 ecclesia»,

263 1882 439 1910 exaudiatur
454 1882 484 1909 in
499 1890 543 1910 ca.
562 1881 660 1910 Oratio
675 1881 860 1916 alienigenw,
876 1881 906 1908 id
923 1883 965 1908 cst
980 1888 1045 1916 pec-

263 1931 380 1964 catoris,
394 1938 411 1957 a
422 1930 531 1957 coelesti
550 1932 641 1963 Patre,
653 1929 703 1965 qui
715 1929 735 1945 ¹⁰
748 1940 760 1953 «
772 1928 866 1957 solem
878 1936 965 1956 suum
977 1928 1046 1955 facit

298 2027 555 2058 ¹.4110‹.·.,1.x·,:t.—³
568 2026 640 2055 ,lm-l.r
659 2033 675 2054 ι,
695 2028 713 2050 t.
729 2039 758 2044 -
772 2026 779 2039 ³
796 2026 826 2049 ΙΙΙ
844 2026 912 2056 tir-y„
930 2032 989 2055 xm,
1005 2029 1044 2049 sla.

263 2078 293 2082 —
313 2065 319 2077 ⁴
340 2064 428 2091 Ereti„
446 2070 506 2090 xxv.
527 2065 563 2086 17.
579 2076 608 2080 —-
624 2063 666 2086 1ἸΙ
690 2064 758 2092 stum,
779 2068 826 2091 vu,
847 2065 882 2085 Ηῐ,
904 2075 926 2079 —
945 2061 953 2075 *ί
977 2062 1044 2085 l’ml.

265 2099 827 2130 buxum—⁷11¹[tr—q.,vui,·tt-tsi.—
844 2100 851 2108 “
864 2098 987 2127 Jozm.,1‚
1008 2100 1044 2121 l‘l.

264 2149 293 2152 —
309 2136 320 2152 ⁰
336 2136 395 2163 lxm,
414 2142 429 2163 ι,
449 2137 468 2158 t.
485 2148 513 2153 —
531 2135 549 2150 ¹·
565 2134 643 2158 ,ltatth
659 2152 665 2162 ,
679 2140 702 2164 v,
719 2134 757 2157 ⁴13.
773 2147 802 2151 --
818 2134 834 2150 ¹¹
854 2133 883 2157 ΙΙΙ
902 2133 971 2163 ntus,
987 2138 1045 2163 iux,

266 2171 621 2200 iv..¹,.=‚·.-=2u·i11,s‹;-iv›.

390 165 442 198 DE
462 163 658 202 mininam,
682 162 805 195 INTER
827 159 1038 194 SERMONES
1058 159 1110 193 DE
1131 159 1296 193 SANc'rts
1318 159 1359 193 IN
1379 159 1576 200 commum,
1596 160 1717 194 xhvn.

1084 227 1157 258 oriri
1169 235 1260 266 super
1271 228 1372 258 bonos
1385 229 1415 258 et
1425 228 1534 264 malos,
1547 228 1759 267 etplnitauper
1768 229 1866 266 iustos

1084 276 1114 305 et
1135 275 1260 313 injustos
1276 285 1291 303 n
1309 285 1317 304 :
1337 276 1410 314 quia
1429 275 1570 313 quamvis
1588 275 1784 313 indignisint
1798 285 1867 314 pee-

1085 324 1211 359 catores,
1236 325 1338 353 tamen
1359 323 1531 361 frequenter
1551 322 1709 353 'orationes
1731 324 1868 354 Ecclesiae

1086 370 1288 399 exaudiuntur
1301 370 1342 400 ad
1362 370 1560 408 temporalem
1579 370 1761 408 felicitatem,
1781 371 1868 407 juxta

1087 417 1253 447 orationem
1266 417 1445 447 Salomonis.

1123 465 1284 502 septimam
1298 473 1421 494 cansam
1432 465 1572 502 exprimst
1585 465 1729 494 Salomon
1740 464 1866 500 ibidem,

1087 511 1126 541 de
1146 511 1373 549 impugnatione
1395 519 1486 541 orans
1513 511 1681 546 victoriam,
1707 519 1870 540 conversus

1088 558 1129 588 ad
1147 559 1274 588 domum
1295 558 1449 594 orationis,
1472 558 1575 588 dicens
1596 559 1615 576 ¹¹
1631 568 1640 587 =
1657 568 1673 586 a
1686 559 1715 588 Si
1733 566 1870 595 egressus

1088 606 1177 635 fuerit
1187 606 1318 643 populus
1338 608 1406 634 tuus
1423 613 1478 642 per
1494 605 1575 634 viam
1591 605 1632 634 ad
1650 605 1777 641 bellum,
1792 613 1870 643 quo-

1090 661 1220 691 cumque
1232 653 1348 682 miseris
1361 661 1424 688 eos,
1440 663 1453 679 n
1471 655 1538 688 etc„
1555 662 1570 679 α
1584 654 1613 682 et
1626 655 1732 682 eontra
1744 653 1872 682 domum

1090 700 1231 735 orabunt,
1246 708 1339 738 quam
1357 699 1503 729 oedifieavi
1518 699 1634 728 nomini
1651 701 1714 732 tuo.
1734 702 1764 728 et
1779 708 1872 730 exau-

1091 747 1155 776 dies
1168 747 1199 776 in
1213 747 1289 776 coelo
1304 747 1453 776 orationes
1460 755 1576 776 eorum.
1586 757 1601 774 υ
1612 749 1644 776 ln
1654 755 1715 783 quo
1725 747 1873 776 mirabilis

1091 794 1256 823 ostenditur
1270 794 1451 831 dispensatio
1471 794 1580 822 divinae
1595 794 1710 831 pietatis
1725 802 1761 822 ex
1777 794 1873 831 gratia

1092 841 1294 871 ecclesiasticae
1308 841 1521 877 dedicationis;
1539 841 1611 878 quia
1625 848 1687 870 non
1701 841 1799 870 solum
1811 849 1873 878 poe-

1092 889 1249 918 nitentium
1264 890 1300 926 (b)
1315 889 1346 918 in
1361 888 1454 917 domo
1471 889 1614 918 orationis
1629 889 1787 918 exauditur
1805 897 1873 918 ora-

1094 937 1144 972 tio,
1160 936 1214 965 sed
1228 936 1317 965 etiam
1332 935 1511 971 absentium,
1527 935 1694 964 dummodo
1716 943 1768 964 cor
1784 944 1873 965 suum

1093 984 1220 1013 referant
1234 991 1288 1020 per
1301 983 1571 1012 considerationem
1585 985 1613 1010 et
1627 982 1822 1012 devotionem
1835 983 1874 1012 ad

1094 1031 1254 1065 orationes,
1269 1039 1336 1067 quae
1348 1031 1378 1059 in
1393 1030 1518 1059 ecclesia
1532 1030 1617 1058 fiunt.
1629 1031 1703 1059 Cum
1717 1030 1830 1059 fueritis
1844 1030 1876 1058 in

1095 1078 1210 1113 itinere,
1226 1077 1275 1106 vel
1287 1077 1319 1106 in
1331 1077 1447 1112 labore,
1462 1077 1523 1106 sive
1533 1077 1564 1105 in
1571 1077 1651 1113 justa
1662 1077 1874 1112 negotiatione,

1095 1125 1119 1154 si
1137 1125 1176 1154 ad
1202 1125 1327 1154 domum
1347 1124 1489 1153 orationis
1510 1124 1649 1153 interesse
1667 1131 1729 1152 non
1743 1124 1876 1161 potestis,

1096 1172 1181 1209 quasi
1205 1171 1314 1208 egressi
1339 1171 1378 1200 ad
1401 1179 1545 1207 pugnam,
1569 1170 1687 1206 dirigite
1710 1171 1877 1200 orationem

1095 1219 1202 1247 mentis
1216 1221 1319 1247 vestrae
1334 1218 1374 1247 ad
1388 1218 1514 1246 domum
1525 1218 1679 1253 orationis,
1693 1219 1721 1246 et
1734 1218 1776 1246 sic
1789 1225 1878 1246 oran-

1097 1268 1139 1295 tes
1151 1266 1283 1300 exaudit,
1297 1266 1382 1301 juxta
1396 1265 1522 1294 verbum
1537 1264 1714 1293 Salomonis.

1133 1314 1273 1342 Octavam
1292 1320 1413 1341 causam
1429 1312 1572 1348 expressit
1594 1311 1746 1346 Salomon,
1768 1311 1880 1340 scilicet

1099 1360 1182 1397 quod
1214 1368 1374 1396 oppressus
1401 1361 1430 1387 et
1451 1359 1616 1396 captivatus
1639 1358 1832 1393 exaudiatur,
1855 1359 1878 1387 si

1100 1416 1261 1436 conversus
1284 1407 1415 1436 oraverit
1439 1407 1478 1435 ud
1501 1406 1627 1435 domum
1652 1405 1806 1440 orationis,
1834 1405 1880 1434 di-

1100 1463 1170 1484 cens
1184 1455 1206 1473 ¹2
1228 1465 1234 1483 :
1253 1464 1267 1480 «
1283 1455 1309 1484 Si
1325 1453 1493 1491 peccaverit
1514 1453 1565 1481 tihi
1580 1452 1722 1489 populus,
1741 1454 1770 1481 et
1789 1453 1881 1481 iratus

1101 1502 1258 1531 tradideris
1273 1509 1325 1530 eos
1340 1501 1477 1535 inimicis,
1499 1503 1527 1528 et
1545 1499 1652 1536 captivi
1667 1499 1746 1528 ducti
1762 1500 1879 1535 fuerint,

1100 1553 1127 1578 et
1142 1549 1292 1586 deprecati
1302 1549 1331 1577 in
1343 1548 1510 1584 captivitate
1525 1547 1643 1580 tuerint,
1654 1546 1784 1575 dieentes
1796 1556 1803 1574 :
1816 1548 1881 1575 Pec-

1101 1597 1244 1630 cavimus,
1260 1596 1361 1632 inique
1377 1595 1502 1631 egimus,
1518 1597 1545 1622 et
1560 1594 1709 1622 oraverint
1731 1596 1757 1622 te
1778 1595 1882 1622 contra

1101 1644 1180 1672 viam
1201 1643 1314 1679 templi,
1335 1642 1418 1679 quod
1446 1641 1590 1669 aedificavi
1616 1641 1730 1669 nomini
1758 1643 1821 1675 tuo,
1851 1643 1881 1669 tu

1101 1690 1252 1718 exaudies.
1268 1689 1427 1717 »Traditur
1441 1689 1508 1724 quis
1521 1690 1642 1724 propter
1655 1689 1775 1724 peccata
1788 1688 1881 1715 tribu-

1102 1737 1272 1771 lationibus.
1286 1735 1507 1770 afflictionibus,
1517 1734 1752 1770 aegritudinibus,
1768 1736 1882 1762 tenetur

1104 1785 1132 1812 in
1156 1784 1325 1820 captivitate
1345 1783 1509 1818 languoris,
1534 1782 1572 1810 ita
1594 1781 1678 1818 quod
1702 1789 1762 1809 non
1787 1783 1883 1817 potest

1102 1831 1263 1860 ascendere
1280 1831 1318 1858 ad
1336 1830 1460 1857 domum
1480 1829 1622 1857 orationis
1638 1837 1644 1855 ε
1667 1828 1696 1856 in
1716 1827 1768 1855 illa
1783 1830 1881 1855 tamen

1102 1880 1235 1906 remanet
1250 1877 1275 1905 ei
1292 1877 1454 1910 excusatio,
1471 1875 1521 1903 sed
1534 1875 1567 1910 (r)
1578 1876 1774 1911 compunctus
1789 1874 1880 1902 corde

1104 1925 1183 1953 dicat
1200 1934 1206 1953 z
1225 1925 1342 1952 l‘eccavi
1360 1924 1389 1951 iu
1405 1923 1530 1960 meipso,
1547 1922 1648 1958 inique
1668 1921 1714 1957 egi
1734 1921 1763 1949 in
1784 1921 1882 1957 proxi-

1104 1981 1198 2007 mum,
1215 1972 1304 2008 impie
1319 1972 1394 2008 gessi
1410 1972 1437 1999 in
1452 1972 1557 2004 lle-unu
1579 1973 1606 1997 et
1622 1969 1772 1997 convertat
1786 1967 1881 1996 inten-

1105 2020 1214 2048 tionem
1234 2019 1332 2047 cordis
1351 2019 1389 2046 ad
1411 2019 1536 2046 domum
1555 2015 1697 2045 orationis
1715 2024 1720 2042 :
1742 2013 1881 2042 exaudie-

1103 2070 1159 2101 tur,
1173 2069 1226 2094 etc.

1136 2133 1167 2161 (rt)
1184 2131 1273 2161 Suppl.
1294 2131 1317 2153 in
1341 2129 1458 2159 gratiam.
1478 2142 1501 2146 --
1522 2128 1556 2158 (¹1)
1582 2128 1637 2158 Lcy.
1662 2127 1837 2159 pras-eutium.
1850 2139 1882 2145 —

1107 2168 1137 2198 (Γ)
1157 2167 1212 2197 11’5'-
1228 2167 1257 2190 si,
