2029 3052
598 229 648 262 DE
671 227 883 261 MIRAGULIS
906 227 1031 260 IPSIUS
1052 226 1150 259 POST
1173 226 1351 261 MORTEM.

170 299 248 332 Sero
266 299 418 340 quodam,
438 307 514 330 cum
536 297 706 339 praedictus
736 296 784 327 vir
807 296 946 327 coenaret

170 362 244 385 cum
255 354 406 394 conjuge,
422 353 544 384 astante
556 360 656 393 puero
671 359 778 382 coram
792 350 849 388 eis,
865 349 946 381 dixit

169 407 266 438 uxori
283 417 290 438 :
314 407 380 438 Hoc
394 415 457 446 ego
474 405 655 437 maximum
678 403 871 435 miraculum
892 412 943 433 re-

169 463 329 502 putarem,
345 460 371 492 si
386 460 498 492 beatus
512 458 699 491 Franciscus
712 457 788 488 huic
799 456 945 488 auditum

168 515 330 552 redderet,
355 516 385 545 et
405 513 577 554 loquelam.
603 512 641 543 Et
666 511 780 551 adjecit
804 520 811 542 :
837 509 945 542 Voveo

169 567 243 605 Deo,
260 567 344 608 quod
359 567 386 598 si
400 566 461 598 hoc
475 568 603 598 sanctus
623 565 812 597 Franciscus
829 563 943 603 digna-

168 623 254 654 bitur
273 622 410 663 operari,
432 623 561 662 propter
582 629 726 652 amorem
749 628 845 650 suum
869 618 946 650 huic

167 685 268 717 puero
288 685 443 717 expensas
463 676 634 714 conferam,
657 675 758 706 donec
769 674 866 705 vivet.
886 672 946 704 Mi-

167 739 241 761 rum
256 731 360 761 certet
379 729 483 760 subito
496 729 612 768 lingua
636 728 746 766 erevit,
768 729 799 758 et
822 727 946 758 locutus

167 785 224 822 est,
241 783 349 814 dicens
367 792 374 814 :
393 782 498 814 Gloria
511 782 584 820 Deo,
601 783 632 812 et
643 782 752 812 sancto
765 780 943 819 Francisco⁷

166 836 222 877 qui
238 836 317 867 mihi
332 836 492 877 loquelam
508 835 654 876 praebuit,
672 836 702 865 et
716 834 874 865 auditum.

206 889 315 922 Frater
329 889 465 921 Jacobus
479 889 517 921 de
534 888 612 926 Iseo,
629 897 703 919 cum
722 887 878 928 puerulus
892 897 939 918 es-

157 945 212 984 ,set
227 944 260 975 in
275 944 370 975 domo
385 945 527 984 paterna,
543 944 713 983 rupturam
729 942 864 972 incurrit
879 950 945 972 cor-

165 999 250 1040 poris
264 997 356 1029 valde
378 1006 525 1037 gravem.
550 996 695 1036 Superno
716 1005 793 1027 vero
819 996 944 1027 afflatus

165 1052 297 1092 Spiritu,
314 1052 386 1083 licet
400 1053 482 1083 esset
494 1051 625 1091 juvenis
641 1052 672 1081 et
686 1050 844 1088 infirmus,
861 1049 944 1080 ordi-

164 1115 238 1137 nem
254 1106 353 1136 sancti
368 1105 527 1137 Francisci
542 1105 676 1136 devotus
690 1105 843 1136 intravit:
863 1104 945 1134 nulli

163 1161 271 1191 tamen
300 1169 363 1200 qua
391 1160 571 1199 urgebatur
601 1159 785 1189 infirmitate
813 1158 942 1189 detexit.

163 1213 296 1244 Factum
309 1215 355 1244 est
374 1215 494 1252 autem,
511 1222 585 1244 cum
601 1221 716 1253 corpus
732 1211 832 1243 sancti
847 1211 945 1242 Frau-

163 1267 238 1298 cisci
260 1267 485 1298 transferretur
506 1266 545 1297 ad
564 1267 682 1304 locum,
708 1266 764 1297 ubi
786 1266 944 1306 pretiosus

163 1329 328 1352 sacrorum
350 1320 471 1352 ossium
495 1322 565 1361 ejus
589 1330 676 1351 nunc
701 1320 874 1351 thesaurus
899 1323 945 1351 est

163 1375 319 1414 conditus,
337 1374 429 1405 affuit
441 1376 471 1406 et
484 1376 561 1406 tuuc
576 1375 678 1406 dictus
692 1374 789 1404 frater
805 1374 943 1405 transla-

163 1428 259 1459 tionis
274 1428 412 1467 gaudiis,
433 1430 467 1458 ut
482 1427 651 1468 glorificati
669 1429 738 1467 Jam
754 1427 857 1458 Patris
872 1437 942 1459 cor-

163 1482 233 1522 pori
248 1482 404 1513 honorem
419 1482 562 1513 debitum
577 1482 755 1514 exhiberet.
775 1481 813 1512 Et
828 1491 942 1521 appro-

163 1536 324 1576 pinquans
340 1536 473 1575 tumbae,
490 1537 523 1567 in
537 1546 602 1577 qua
616 1545 688 1568 ossa
710 1545 800 1567 sacra
818 1536 944 1567 fuerant

165 1588 323 1628 collocata,
344 1599 410 1630 prae
426 1590 594 1621 devotione
607 1590 737 1630 spiritus
751 1599 877 1621 sacrum
890 1592 943 1620 tu—

162 1643 289 1674 mulum
305 1644 537 1683 complexatus,
553 1644 671 1683 subito,
686 1644 769 1675 miro
780 1644 886 1682 modo,
903 1644 943 1675 ad

162 1695 230 1727 loca
240 1696 344 1727 debita
357 1697 499 1737 partibus
509 1697 674 1736 revocatis,
692 1706 806 1728 sanum
827 1706 860 1728 se
875 1706 943 1728 seu-

162 1749 212 1787 sit,
237 1750 483 1782 succinctorium
504 1751 661 1791 deposuit,
687 1753 718 1781 et
741 1760 782 1782 ex
809 1753 887 1782 tunc
902 1751 941 1782 ab

162 1803 249 1834 omni
264 1803 372 1834 dolore
388 1804 548 1844 praeterito
563 1804 643 1835 liber
658 1805 728 1836 suit.
748 1804 797 1836 Ab
809 1805 942 1835 infirmi-

161 1858 225 1888 tate
249 1867 376 1898 quoque
402 1858 559 1889 consimili
585 1859 681 1890 frater
708 1859 879 1890 Bartholus
903 1859 941 1890 de

162 1909 322 1950 Eugubio,
338 1912 434 1942 frater
451 1911 594 1951 Angelus
614 1912 652 1943 de
667 1912 821 1950 Tuderto,
844 1912 941 1944 Nico-

160 1964 230 1995 laus
244 1965 389 1996 sacerdos
404 1965 442 1996 de
458 1964 620 2003 Stichano,
640 1964 777 1996 Joannes
792 1966 830 1996 de
845 1965 938 2005 Fora,

161 2018 210 2048 vir
233 2018 364 2058 quidam
384 2019 422 2049 de
444 2018 533 2056 Pisis,
556 2020 586 2049 et
610 2018 692 2049 alius
707 2019 746 2050 de
761 2019 867 2051 Castro
888 2021 940 2052 Ci-

159 2072 285 2110 sternae,
311 2071 423 2103 Petrus
447 2081 577 2112 quoque
594 2072 632 2103 de
653 2072 769 2111 Sicilia,
786 2075 817 2104 et
841 2073 939 2106 homo

159 2125 290 2164 quidam
304 2125 342 2156 de
365 2125 472 2156 Castro
492 2125 588 2166 Spelli
605 2127 701 2165 Juxta
724 2126 891 2166 Assisium,
909 2130 939 2159 et

159 2179 366 2219 quamplures
380 2180 445 2219 alii,
471 2189 528 2220 per
543 2180 599 2211 Dei
623 2181 884 2220 misericordiam,
907 2184 938 2213 et

159 2231 242 2262 beati
261 2231 418 2263 Francisci
444 2233 570 2271 merita,
589 2233 764 2265 extiterunt
782 2234 936 2266 mirabili-

159 2286 207 2316 ter
222 2285 355 2316 liberati.

198 2338 235 2369 In
254 2339 414 2370 Maritima
437 2340 553 2371 mulier
568 2340 714 2381 quaedam
729 2342 844 2372 mentis
859 2341 937 2373 alie-

156 2392 319 2423 nationem
333 2402 389 2433 per
412 2393 668 2433 quinquennium
687 2404 789 2434 passa⁷
811 2395 885 2426 visu
905 2397 936 2425 et

156 2445 269 2476 auditu
299 2447 423 2486 privata
450 2448 514 2484 est,
546 2447 735 2478 indumenta
762 2448 935 2479 dilaniabat

156 2498 313 2539 dentibus,
330 2500 416 2539 ignis
432 2503 462 2531 et
477 2509 570 2540 aquae
587 2501 765 2540 periculum
786 2503 931 2542 timebat,

156 2555 187 2583 et
201 2553 311 2584 caduci
324 2554 427 2584 morbi
442 2553 479 2584 ad
492 2562 658 2584 summum
671 2555 848 2586 incurrerat
862 2556 933 2587 hor-

157 2606 282 2637 ribilem
295 2607 484 2647 passionem.
501 2606 597 2638 Nocte
607 2617 683 2638 vero
697 2609 844 2648 quadam,
858 2619 931 2641 cum

157 2659 337 2699 disponeret
349 2661 408 2692 sibi
425 2661 533 2693 divina
544 2661 759 2693 misericordia
773 2663 929 2703 misereri,

155 2713 304 2745 salutaris
327 2715 453 2755 fulgore
477 2715 556 2746 lucis
578 2716 831 2756 superillustrata
846 2717 928 2748 divi-

1722 235 1780 264 359

1002 295 1101 334 nitus,
1127 295 1206 327 vidit
1225 296 1356 328 beatum
1380 296 1584 329 Franciscum
1608 307 1703 340 super
1725 308 1780 332 so-

1001 348 1081 379 lium
1096 349 1204 381 sedere
1220 350 1367 390 sublime,
1391 352 1465 382 ante
1488 361 1584 392 quem
1610 355 1778 393 prostrata,

1001 402 1169 433 sanitatem
1188 403 1371 444 suppliciter
1390 406 1591 445 exposcebat.
1623 406 1679 438 lllo
1704 415 1780 438 vero

1001 456 1145 487 nondum
1169 457 1294 489 favente
1318 459 1476 498 precibus,
1502 459 1644 491 firmavit
1664 460 1780 492 mulier

1001 512 1126 549 votum,
1143 512 1331 551 promittens
1346 522 1403 553 pro
1416 513 1471 545 Dei
1485 523 1606 553 amore,
1618 524 1654 546 ac
1664 515 1778 553 sancti,

1001 564 1192 604 petentibus,
1203 565 1302 597 donec
1313 566 1453 606 haberet,
1464 567 1700 609 eleemosynam
1714 577 1779 600 non

1002 627 1133 658 negare.
1153 618 1238 650 Illico
1262 619 1397 652 Sanctus
1419 624 1548 662 pactum
1570 623 1777 662 recognovit,

1002 673 1086 712 quod
1100 672 1177 703 olim
1190 682 1262 704 cum
1279 673 1412 706 Domino
1427 675 1543 707 fecerat
1561 676 1676 715 simile,
1692 678 1723 707 et
1734 676 1777 707 si-

1002 735 1106 766 gnans
1127 736 1198 758 eam
1213 728 1316 758 crucis
1332 728 1511 768 signaculo,
1534 729 1695 769 integram
1718 730 1778 761 sibi

1000 780 1140 811 restituit
1166 781 1347 813 sanitatem.
1380 782 1408 813 A
1443 783 1602 814 consimili
1632 783 1777 823 passione

1001 834 1141 874 puellam
1156 835 1330 875 quamdam
1352 836 1391 867 de
1409 835 1535 876 Nursia,
1558 838 1589 868 et
1608 837 1712 868 filium
1727 847 1780 869 cu-

997 887 1127 927 jusdam
1145 889 1259 919 nobilis
1282 889 1355 929 viri,
1381 892 1412 921 et
1426 890 1503 921 alios
1518 891 1685 932 quosdam,
1702 892 1780 923 rela-

1001 941 1086 972 tione
1111 942 1249 973 veridica
1265 945 1464 983 compertum
1487 947 1533 975 est
1556 947 1702 976 sanctum
1724 945 1778 977 Dei

1000 994 1205 1026 Franciscum
1219 996 1464 1029 misericorditer
1478 998 1638 1030 liberasse.

1042 1049 1155 1081 Petrus
1170 1050 1208 1081 de
1222 1050 1380 1090 Fulgineo
1401 1052 1440 1083 ad
1455 1052 1651 1084 visitandum
1667 1053 1780 1084 limina

1000 1103 1084 1134 beati
1109 1103 1269 1135 Michaelis
1296 1105 1435 1144 quodam
1461 1107 1604 1146 tempore
1626 1116 1777 1147 pergenS,

1001 1157 1078 1188 dum
1092 1157 1199 1188 minus
1208 1160 1392 1189 reverenter
1403 1159 1694 1200 peregrinationem
1710 1170 1781 1201 per-

1000 1211 1084 1249 egIt,
1107 1211 1202 1242 fontis
1220 1212 1386 1259 cujpsdam
1406 1222 1523 1253 aquam
1547 1214 1739 1254 degustans,
1761 1225 1781 1246 a

1000 1265 1201 1296 daemonibus
1218 1268 1266 1297 est
1292 1267 1433 1298 invasus
1457 1267 1494 1298 Et
1509 1267 1625 1299 exinde
1642 1278 1698 1308 per
1716 1271 1780 1300 tres

1000 1328 1101 1350 annos
1126 1320 1292 1359 obsessus,
1316 1321 1554 1361 discerpebatur
1574 1322 1606 1352 in
1626 1331 1778 1362 corpore,

1000 1372 1138 1412 pessima
1151 1373 1285 1414 loquens
1297 1398 1304 1412 ‚
1325 1376 1356 1405 et
1373 1375 1535 1406 horrenda
1557 1376 1777 1415 praetendens,

999 1426 1121 1457 habens
1144 1427 1317 1467 aliquando
1344 1428 1449 1459 lucida
1476 1429 1645 1460 intervalla
1657 1454 1664 1467 ‚
1695 1429 1780 1461 beati

999 1481 1166 1519 virtutem,
1183 1491 1281 1521 quam
1305 1482 1464 1512 efficacem
1480 1483 1625 1514 audierat
1639 1483 1679 1514 ad
1696 1483 1777 1514 effu-

999 1535 1121 1573 gandas
1139 1544 1247 1565 aereas
1262 1537 1442 1575 potestates,
1460 1536 1625 1567 humiliter
1639 1537 1778 1577 requisi-

999 1588 1045 1619 vit
1055 1599 1062 1625 ;
1090 1590 1120 1619 et
1140 1589 1179 1619 ad
1196 1589 1402 1629 sepulchrum
1427 1589 1469 1629 pii
1486 1589 1588 1620 Patris
1603 1591 1754 1622 accedens
1768 1616 1776 1631 ‚

999 1651 1074 1672 mox
1090 1644 1126 1673 ut
1141 1642 1219 1673 illud
1244 1642 1379 1682 contigit
1403 1652 1513 1682 manu,
1537 1653 1555 1674 a
1578 1644 1779 1675 daemonibus

999 1696 1168 1727 crudeliter
1183 1705 1257 1727 eum
1283 1696 1534 1736 discerpentibus
1550 1697 1682 1728 mirifice
1697 1698 1776 1729 libe-

997 1752 1086 1781 ratus
1104 1750 1174 1781 suit.
1198 1749 1300 1781 Simili
1324 1751 1421 1781 etiam
1443 1751 1549 1788 modo,
1567 1752 1693 1782 mulieri
1709 1752 1776 1783 cui-

998 1803 1071 1834 dam
1086 1804 1124 1835 de
1139 1803 1256 1835 Narnio
1275 1804 1405 1835 habenti
1421 1805 1628 1844 daemonium,
1651 1806 1774 1836 miseri-

997 1857 1103 1888 cordia
1119 1858 1278 1889 Francisci
1300 1858 1460 1895 subvenit,
1481 1860 1512 1889 et
1534 1859 1602 1889 aliis
1617 1859 1773 1899 pluribus,

995 1921 1136 1951 quarum
1156 1913 1365 1943 vexationum
1384 1913 1564 1952 angustias,
1590 1915 1620 1944 et
1640 1914 1776 1945 curatio-

995 1974 1074 1996 num
1091 1965 1212 2002 modos,
1230 1965 1366 2005 longum
1377 1967 1459 1997 esset
1473 1975 1529 2006 per
1539 1966 1669 2006 singula
1683 1976 1774 1998 enar-

994 2028 1075 2050 rare.

1037 2072 1091 2104 Vir
1106 2072 1236 2113 quidam
1248 2072 1378 2104 nomine
1393 2072 1511 2112 Bonus,
1528 2073 1625 2105 homo
1640 2075 1679 2105 de
1694 2075 1773 2106 eivi-

996 2129 1060 2158 tate
1076 2127 1166 2166 Fani,
1183 2127 1376 2168 paralyticus
1391 2130 1421 2158 et
1436 2128 1592 2167 leprosus,
1612 2129 1651 2160 ad
1672 2129 1771 2160 eccle-

995 2182 1075 2212 siam
1086 2182 1167 2212 beati
1181 2181 1339 2212 Francisci
1351 2191 1369 2212 a
1379 2182 1564 2222 parentibus
1575 2183 1770 2223 deportatus,

994 2236 1164 2275 utriusque
1179 2236 1283 2266 morbi
1305 2235 1432 2275 plenam
1455 2239 1642 2268 consecutus
1662 2240 1708 2268 est
1726 2247 1773 2269 sa-

994 2290 1140 2320 nitatem.
1163 2288 1224 2320 Sed
1243 2292 1273 2320 et
1293 2289 1375 2320 alius
1388 2290 1518 2329 juvenis
1539 2291 1670 2329 quidam
1693 2291 1772 2322 Acto

994 2342 1136 2380 nomine⁷
1155 2342 1192 2372 de
1208 2341 1323 2373 Sancto
1339 2342 1505 2381 Severino,
1521 2345 1604 2374 totus
1614 2343 1770 2383 leprosus,

991 2398 1067 2427 voto
1088 2396 1213 2434 emisso,
1230 2398 1261 2427 et
1273 2396 1311 2427 ad
1327 2396 1532 2436 sepulchrum
1556 2396 1662 2427 Sancti
1683 2397 1772 2428 dela-

993 2452 1057 2488 tus,
1075 2449 1196 2480 meritis
1211 2450 1309 2489 ipsius
1323 2459 1341 2480 a
1354 2450 1441 2490 lepra
1452 2450 1625 2481 mundatus
1640 2452 1695 2481 est.
1712 2451 1773 2482 Ha-

993 2503 1063 2533 buit
1073 2503 1200 2543 quidem
1214 2502 1348 2534 Sanctus
1357 2513 1454 2543 supra
1463 2503 1648 2543 hujusmodi
1660 2506 1771 2536 morbo

993 2557 1134 2587 curando
1171 2557 1405 2597 praecellentem
1439 2557 1590 2587 virtutem
1603 2582 1612 2596 ,
1646 2568 1703 2598 pro
1733 2568 1771 2590 eo

992 2610 1076 2650 quod
1097 2610 1307 2641 humanitatis
1322 2612 1352 2641 et
1366 2610 1490 2650 pietatis
1504 2620 1613 2642 amore
1627 2611 1769 2652 leproso-

986 2673 1059 2694 rum
1079 2664 1239 2704 obsequiis
1263 2664 1470 2704 semetipsum
1489 2664 1653 2696 humiliter
1672 2667 1772 2706 depu-

987 2719 1078 2747 tar-at.
