2029 3052
72 2133 177 2160 Epilogus

203 215 264 247 tto

201 281 322 319 guebat.
344 280 416 312 Ideo
434 281 501 319 ipsa
521 281 602 312 dicta
625 284 668 311 est
687 281 777 312 Stella
797 281 898 316 naris,
914 281 988 320 quia

201 329 276 358 sicut
299 328 386 358 stella
408 331 452 358 est
472 329 597 358 omnino
620 329 874 366 incorrupta,·sic
897 329 986 366 Virgo

201 375 264 405 haec
277 376 360 413 regia
373 384 435 405 non
449 376 549 405 solum
561 377 592 405 in
615 384 646 405 se
665 375 720 404 fuit
742 376 915 411 castissima,
932 376 987 405 sed

201 425 230 451 et
242 423 381 452 castitatis
403 423 434 452 in
452 424 519 453 aliis
537 425 698 453 causativa.
716 423 799 452 Unde
813 423 918 452 similis
932 423 987 452 t'uit

201 470 244 499 illi
258 470 353 509 lapidi
367 471 509 508 pretioso,
523 471 576 507 qui
598 470 684 500 nullo
704 473 802 508 potest
820 471 888 508 igne
907 471 986 500 cale-

200 517 276 554 fieri,
291 518 339 547 vel
353 518 483 547 incendi.
500 517 582 546 Unde
602 517 634 546 in
648 519 730 548 Luna
752 520 797 548 est
819 519 936 556 signata
954 519 986 548 in

200 565 350 602 Scriptura
365 574 372 594 :
393 573 461 602 quae
476 573 592 602 magnae
605 565 774 602 frigiditatis
795 566 826 594 in
841 566 931 595 rebus
943 568 987 595 est

201 612 360 641 causativa.
377 613 461 648 Nam,
481 611 557 641 sicut
571 615 705 642 asserunt
719 613 882 650 sapientes,
900 615 986 642 tantae

199 659 368 697 frigiditatis
383 663 435 696 est,
457 663 490 689 ut
512 661 596 689 omni
611 669 713 690 mense
736 661 879 698 pruinam
901 661 987 690 terris

198 707 362 743 induceret,
379 707 435 736 nisi
449 707 514 744 ejus
525 707 618 744 frigus
632 708 707 737 Solis
722 707 858 737 caliditas
871 709 986 744 tempe-

198 756 285 783 raret.
301 754 390 784 Stella
401 755 491 784 etiam
502 755 618 784 Saturni
634 755 664 784 in
677 757 791 784 tautum
802 758 845 784 est
856 755 985 792 frigidis-

197 802 284 837 sima,
298 801 382 839 quod
392 802 500 830 caloris
510 802 587 832 Solis
601 804 644 831 est
658 802 820 831 rroenativa.
837 804 884 832 Est
895 803 985 832 etiam

197 849 314 886 signata
329 849 359 878 in
374 849 448 885 lilio,
464 849 548 886 quod
559 851 602 878 est
616 850 673 879 tlos
688 850 786 885 albus,
803 849 982 886 odoriferus,

198 895 229 925 in
244 904 275 925 se
289 898 397 925 natura
409 896 545 932 frigidus,
560 898 589 925 et
603 896 733 925 aliorum
747 897 981 934 infrigidativuS.

201 953 215 968 α
229 945 306 980 Ego,
320 953 335 969 υ
352 943 418 980 ipsa
432 943 529 980 inquit
547 945 556 962 ¹
567 965 574 979 ,
594 954 608 970 ι
626 944 682 973 ilos
698 945 815 982 campi,
837 947 865 974 et
886 945 983 974 lilium

197 990 391 1019 convallium.
427 1003 439 1015 n
464 991 521 1019 Sed
549 991 617 1028 quis
646 991 737 1020 hodie
761 993 882 1020 castus?
912 992 983 1026 Quis

198 1037 375 1074 gloriabitur
388 1038 537 1067 mundum
549 1047 580 1067 se
597 1039 708 1067 habere
725 1047 776 1068 cor
786 1039 796 1055 ¹
809 1041 823 1067 ‘3
838 1041 848 1057 ³
862 1050 875 1065 a
890 1040 982 1068 Nemo

196 1084 327 1113 mundus
339 1093 356 1113 a
371 1085 470 1119 sorde,
487 1096 500 1112 ι)
516 1089 570 1114 etc.

233 1132 374 1166 Quintum
391 1132 499 1161 coetum
515 1136 557 1162 est
571 1133 678 1162 coelum
693 1141 882 1170 empyreum,
898 1135 982 1171 quod

196 1181 238 1207 est
252 1179 401 1208 creatione
414 1188 536 1216 purum,
557 1180 614 1208 situ
631 1179 806 1208 altissimum
817 1202 825 1215 ‚
845 1181 982 1209 omnium

196 1226 409 1261 contentivam,
426 1226 500 1254 nulli
517 1227 610 1255 motui
633 1227 815 1263 subiectum;
834 1228 887 1256 sed
901 1237 982 1256 sum-

195 1281 242 1301 me
259 1273 403 1310 quietum,
419 1276 446 1302 et
462 1282 516 1310 per
529 1276 624 1302 totum
646 1274 834 1303 uniformiter
849 1275 981 1304 lumino-

194 1328 271 1348 sum.
290 1323 321 1349 Et
342 1321 379 1349 de
404 1321 461 1350 hoc
486 1322 562 1350 coelo
587 1321 760 1357 intelligitur
781 1322 855 1350 illud
872 1325 882 1340 ⁴
899 1332 906 1351 :
922 1333 935 1348 (ι
951 1324 981 1351 ln

195 1367 343 1404 principio
359 1369 469 1396 creavit
484 1370 558 1396 Deus
573 1368 680 1396 eoelum
697 1372 725 1397 et
740 1371 858 1397 terram.
879 1381 892 1395 n
908 1372 979 1398 Nam

195 1423 264 1442 cum
279 1415 412 1443 secunda
432 1415 479 1443 die
499 1415 608 1443 iactum
634 1416 721 1444 fuerit
745 1416 979 1452 firmamentum,

194 1465 222 1491 et
236 1463 345 1491 coelum
370 1472 517 1500 aqueum,
541 1467 608 1493 ante
624 1473 745 1493 omnem
765 1465 846 1493 diem
870 1466 980 1494 sactum

193 1511 237 1537 est
259 1510 368 1538 offlam
399 1519 575 1547 empyreum
605 1520 672 1540 cum
700 1513 823 1540 materia
850 1515 981 1549 quatuor

193 1556 420 1591 elementorum,
438 1561 465 1586 et
480 1558 638 1587 innumera
653 1559 844 1587 multitudine
861 1560 980 1595 angelo-

193 1611 270 1631 rum.
296 1605 355 1632 lloc
371 1605 478 1632 coelum
505 1605 558 1633 suit
585 1606 708 1633 Domina
732 1609 841 1641 nostra,
867 1615 919 1643 per
935 1610 979 1635 to-

193 1651 249 1678 tius
264 1652 414 1688 sapientiae
431 1653 594 1680 veritatem.
619 1653 699 1681 Unde
716 1653 752 1681 de
774 1662 809 1681 ea
825 1654 895 1681 dicit
911 1656 977 1682 Ber-

193 1698 304 1726 nardus
319 1699 328 1714 ⁵
346 1707 351 1726 :
374 1710 386 1723 α
405 1699 492 1727 illaria
513 1702 604 1727 totam
627 1700 735 1727 divinae
750 1703 916 1737 penetravit
930 1709 978 1729 sa-

193 1745 310 1781 pientiae
325 1745 484 1782 abyssum,
505 1749 536 1774 ut
561 1750 717 1781 quantum,
742 1748 804 1775 sine
828 1749 978 1784 personali

193 1792 316 1825 unione,
332 1797 472 1820 creaturae
487 1793 618 1821 conditio
634 1795 752 1830 patitur,
767 1795 808 1822 illi
826 1795 883 1823 luci
899 1796 978 1823 inac-

193 1839 320 1867 cessibili
337 1840 486 1867 videretur
501 1840 651 1868 immersa.
667 1852 679 1866 n
698 1843 736 1869 Ex
758 1850 819 1878 quo
833 1843 977 1877 arguitur,

193 1886 274 1921 quod
292 1886 320 1914 in
343 1895 418 1923 pura
440 1890 575 1915 creatura
600 1896 659 1915 non
681 1889 775 1924 potuit
798 1890 893 1924 major
915 1898 977 1917 esse

192 1933 336 1969 sapienta.
352 1934 396 1960 (ll)
410 1934 465 1961 boc
480 1934 559 1961 enim
575 1934 683 1962 ‹livitur
698 1944 782 1962 maris
797 1937 894 1970 Stella,
907 1937 978 1973 quia

193 1982 235 2007 est
263 1981 468 2015 navigantium
496 1981 660 2015 dirertiva3
690 1982 735 2009 vel
758 1983 866 2010 dicitur
889 1984 976 2011 etiam

192 2027 282 2061 Luna,
300 2027 370 2063 quia
387 2036 403 2054 a
419 2028 482 2055 Sole
499 2029 560 2055 tota
575 2031 617 2056 est
633 2029 810 2064 illuminata,
824 2033 851 2057 et
864 2032 974 2066 accepti

192 2073 313 2101 luminis
328 2074 466 2102 resusiva.

229 2122 315 2155 Ergo,
333 2121 384 2156 qui
401 2121 464 2148 vult
479 2121 589 2150 habere
606 2122 758 2159 utriusque
778 2123 907 2151 bominis
922 2134 976 2161 pu-

192 2167 319 2200 ritatem,
342 2167 586 2196 ferventissimam
610 2169 797 2204 charitatem,
828 2172 975 2207 patientiae

193 2214 373 2247 firmitatem,
397 2216 529 2251 eorporis
558 2219 584 2243 et
614 2217 720 2244 animae
747 2218 920 2253 castitatem,
947 2222 975 2247 et

192 2262 254 2289 veri
279 2261 400 2289 luminis
425 2262 601 2297 claritatem,
617 2264 742 2291 advocet
759 2265 833 2293 hanc
855 2267 901 2293 Dei
919 2268 974 2294 Ma-

192 2310 276 2336 trem.
294 2308 374 2336 Unde
396 2309 561 2336 Bernartius
575 2310 585 2325 ⁶
604 2319 609 2337 :
630 2322 641 2333 «
660 2313 687 2338 tn
708 2312 858 2346 periculis.
875 2313 904 2340 in
921 2322 973 2341 an-

193 2356 305 2391 gustiis,
322 2357 351 2383 in
366 2357 455 2383 rebus
468 2356 568 2383 dubiis
583 2357 701 2384 Mariam
718 2358 834 2393 invoca,
853 2361 972 2388 Mariam

193 2403 288 2437 cogita
306 2412 312 2430 z
330 2411 390 2430 non
406 2403 525 2430 recedat
545 2403 583 2430 ab
606 2412 656 2431 ore
680 2407 741 2438 tuo,
761 2414 813 2433 nec
830 2415 846 2434 a
861 2408 950 2435 corde
965 2419 971 2442 ;

192 2454 219 2477 et
241 2454 271 2477 ut
289 2451 427 2486 impetres
449 2451 591 2478 orationis
612 2451 675 2486 ejus
700 2452 885 2487 sutlragium,
912 2463 972 2483 non

193 2497 310 2524 deseras
346 2497 578 2525 cmwersaiionis
611 2499 792 2534 exemplum.
830 2511 841 2525 ιι
879 2502 973 2537 Roge-

191 2552 268 2578 muS,
285 2547 339 2572 etc.

224 2620 229 2634 ¹
247 2619 329 2646 Cant,
350 2623 381 2647 ιι,
404 2619 424 2641 t.
442 2632 467 2635 -
485 2618 492 2632 ²
508 2619 590 2647 Proin,
616 2625 664 2649 xx,
680 2620 703 2643 9.
719 2633 749 2637 -
769 2620 778 2637 ³
797 2621 850 2650 Job,
874 2628 926 2653 xiv,
949 2625 970 2654 -l,

188 2654 261 2684 juxta
281 2654 353 2677 Lxx.
366 2666 395 2671 —
412 2654 421 2670 ⁶
438 2654 488 2677 Gen
504 2673 510 2683 ‚
530 2660 552 2684 t,
573 2658 593 2678 1.
608 2668 638 2672 ——
651 2656 662 2672 ⁸
678 2656 764 2687 Rern,
783 2657 906 2681 Dommfr.
923 2661 969 2690 ins.

193 2691 275 2714 Octar.
292 2691 428 2720 Assumpt„
444 2696 520 2714 serm.
538 2698 563 2714 n.
578 2692 601 2715 3.
617 2702 640 2706 =
661 2694 669 2706 ⁶
686 2693 772 2724 Beru.,
787 2700 864 2724 super
880 2696 971 2720 Missus

541 211 755 248 SERMONES
778 211 829 247 DE
851 211 1021 246 SANCTIS
1042 212 1084 247 IN
1106 213 1300 249 connum.
1322 212 1487 250 XXXVIII.

1340 316 1473 349 samio
1495 318 1533 349 Π.

1078 378 1150 414 Ave,
1173 381 1267 414 qratia
1284 380 1377 415 plena,
1399 380 1529 409 Dominus
1548 383 1633 410 recum
1646 381 1668 410 ⁷.
1684 382 1826 419 Perfecto,

1042 427 1114 454 teste
1129 425 1312 463 Philosopho
1329 426 1351 462 ⁸,
1365 426 1449 455 nulla
1466 427 1619 464 possibilis
1633 430 1677 457 est
1691 429 1755 458 fieri
1769 429 1826 458 ad-

1043 471 1128 502 ditio.
1143 474 1208 502 Non
1223 473 1304 502 enim
1325 473 1490 510 perfectum
1509 477 1563 511 est,
1579 475 1627 504 cui
1642 476 1759 514 aliquid
1773 477 1826 506 ad-

1040 519 1093 555 jici
1108 521 1224 556 potest:
1240 519 1398 556 quomodo
1417 520 1499 549 enim
1514 521 1575 550 dici
1595 525 1694 560 potest
1717 523 1827 553 domus

1041 565 1181 603 perfecta,
1197 566 1345 604 quamdiu
1363 569 1452 596 restat
1470 568 1587 606 aliquid
1608 569 1781 600 faciendum
1795 571 1826 600 in

1043 613 1102 642 ea?
1121 614 1194 642 Cum
1217 621 1289 650 ergo
1311 623 1325 640 α
1347 614 1397 643 Dei
1421 614 1552 652 perfecta
1573 616 1631 646 sint
1659 625 1752 655 opera
1773 618 1794 654 ⁹,
1811 628 1824 644 n

1042 667 1163 689 necesse
1179 662 1222 689 est
1236 661 1347 696 dicere,
1361 661 1446 698 quod
1461 670 1552 692 omne
1565 671 1661 700 genus
1673 667 1825 700 creaturae,

1041 709 1319 745 quantumcumque
1333 708 1404 744 vile,
1419 709 1530 738 habeat
1543 718 1632 739 suum
1654 719 1729 747 esse,
1750 711 1824 740 dum

1041 757 1141 783 tamen
1155 754 1266 783 habeat
1279 755 1363 792 quod
1384 756 1482 793 ipsam
1499 757 1584 786 decet
1597 757 1721 793 habere,
1736 761 1768 787 ut
1782 759 1825 787 ni-

1040 800 1083 829 hil
1097 801 1222 830 omnino
1237 802 1263 831 ei
1277 803 1313 831 sit
1328 803 1450 839 addere,
1467 804 1515 833 vel
1529 805 1569 833 ab
1585 813 1621 834 eo
1641 805 1797 834 detrahere
1813 815 1820 834 ε

1041 848 1102 878 imo
1118 849 1142 877 si
1157 849 1184 878 ei
1199 849 1316 887 aliquid
1331 850 1469 886 adderes,
1490 847 1585 888 genus
1605 853 1647 882 rei
1669 855 1800 882 mutares
1817 862 1824 881 :

1041 896 1113 932 quia
1126 896 1151 925 si
1169 897 1252 926 omni
1272 898 1375 933 generi
1395 897 1511 935 aliquid
1533 899 1606 928 addi
1621 901 1732 937 posset,
1748 900 1824 929 nihil

1040 944 1204 981 perfeetum
1216 954 1233 973 a
1248 947 1306 975 Deo
1322 945 1433 975 tactum
1446 950 1522 976 esset
1541 956 1548 975 :
1564 949 1658 984 quare
1672 955 1728 976 nec
1741 955 1826 976 sum·

1041 999 1088 1020 me
1105 991 1252 1028 perfectus
1277 993 1378 1030 opifex
1400 1001 1438 1022 ex
1460 1001 1551 1030 opere
1565 995 1734 1031 appareret.
1750 995 1825 1023 Nam

1040 1038 1238 1076 Philosophus
1255 1039 1272 1056 ¹⁰
1287 1042 1315 1068 et
1332 1041 1512 1076 Augustinus
1527 1041 1638 1070 docent
1654 1041 1825 1070 universum

1039 1085 1117 1114 adeo
1133 1094 1196 1115 esse
1211 1087 1387 1124 perrectum,
1402 1091 1435 1116 ut
1449 1088 1480 1116 iu
1494 1088 1578 1116 nullo
1593 1088 1630 1116 sit
1645 1088 1762 1125 penitus
1777 1088 1824 1117 di-

1039 1132 1199 1167 minutum,
1221 1141 1275 1162 nce
1297 1134 1391 1171 possit
1405 1134 1644 1164 additamentum
1659 1135 1685 1164 ei
1701 1135 1764 1164 tieri
1781 1135 1825 1164 ul-

1038 1179 1102 1208 lum
1117 1189 1123 1208 :
1141 1188 1201 1208 non
1217 1181 1288 1217 quia
1303 1189 1364 1209 non
1380 1184 1479 1217 posset
1493 1183 1686 1219 Omnipotens
1701 1182 1824 1218 addere,

1038 1235 1107 1255 cum
1129 1227 1166 1255 sit
1190 1227 1312 1256 intinitae
1337 1229 1492 1264 potentiae;
1514 1229 1566 1257 sed
1594 1229 1666 1265 quia
1689 1232 1824 1258 creatura

1037 1282 1099 1302 non
1124 1277 1219 1310 potest
1247 1275 1325 1303 ultra
1347 1283 1465 1312 capere,
1494 1284 1560 1312 quae
1585 1284 1622 1304 eo
1650 1276 1716 1312 ipso
1740 1276 1824 1313 quod

1037 1324 1172 1349 creatura
1188 1324 1240 1356 est,
1257 1330 1275 1350 a
1294 1323 1352 1350 Deo
1375 1325 1473 1351 creata
1487 1323 1516 1350 in
1532 1331 1670 1358 numero,
1686 1323 1821 1360 pondere

1037 1372 1063 1396 et
1078 1376 1216 1397 mensura
1231 1369 1258 1397 ¹¹.
1273 1369 1354 1397 Unde
1370 1370 1398 1398 in
1411 1369 1489 1398 libro
1501 1371 1534 1398 de
1548 1371 1652 1399 Anima
1665 1370 1774 1399 dicitur
1787 1371 1820 1406 ¹¹,

1037 1418 1120 1454 quod
1135 1418 1270 1446 omnium
1284 1421 1391 1447 natura
1402 1419 1601 1448 constantium
1613 1421 1756 1448 terminus
1766 1422 1820 1455 est,

1036 1469 1064 1493 et
1080 1465 1154 1493 ratio
1168 1466 1382 1501 magnitudinis
1393 1469 1420 1494 et
1430 1467 1592 1502 augmenti.
1607 1467 1635 1495 Si
1648 1467 1729 1495 enim
1740 1475 1820 1496 erea-

1036 1514 1102 1540 tura
1117 1520 1235 1549 semper
1254 1513 1377 1549 maj0ris
1397 1513 1481 1549 boni,
1502 1522 1594 1550 quam
1609 1514 1708 1548 habet,
1724 1522 1819 1551 capax

1036 1562 1121 1594 esset,
1136 1568 1292 1596 nunquam
1307 1563 1414 1588 statum
1430 1561 1459 1588 in
1475 1561 1666 1589 ascendendo
1679 1561 1817 1596 haberet;

1036 1608 1117 1635 etsie
1133 1615 1289 1644 nunquam
1311 1607 1440 1643 perfecta
1460 1611 1545 1642 esset,
1568 1609 1638 1644 quia
1658 1608 1696 1636 ad
1722 1609 1819 1643 majus

1035 1654 1149 1682 bonum
1165 1655 1247 1682 omni
1262 1657 1395 1690 tempore
1411 1655 1564 1691 aspiraret.
1590 1656 1622 1683 Ut
1641 1664 1711 1691 ergo
1727 1663 1819 1692 opera

1034 1701 1136 1730 divina
1149 1703 1178 1730 in
1195 1702 1255 1730 suis
1275 1702 1434 1738 generibus
1456 1705 1551 1731 essent
1573 1703 1710 1739 perit-eta.
1735 1711 1817 1732 crea-

1035 1749 1106 1777 turis
1121 1749 1261 1777 omnibus
1277 1753 1318 1777 est
1334 1753 1413 1777 certa
1428 1750 1550 1786 praefixa
1562 1758 1712 1784 mensura,
1725 1759 1817 1787 quam

1034 1795 1199 1831 transgredi
1217 1804 1276 1824 non
1296 1798 1338 1823 est
1354 1797 1494 1832 possibile
1507 1798 1535 1824 in
1550 1800 1664 1825 natura.
1682 1797 1763 1825 Unde
1776 1797 1817 1825 vi-

1034 1843 1151 1878 demus,
1175 1843 1258 1879 quod
1283 1843 1392 1880 plautoe
1416 1847 1443 1872 et
1464 1844 1523 1872 alia
1544 1844 1686 1872 animalia
1706 1846 1817 1872 rectam

1033 1890 1144 1918 habent
1164 1891 1193 1918 iu
1209 1891 1369 1918 cresc-:udo
1386 1899 1566 1918 mensuram.
1591 1892 1663 1919 Cum
1680 1891 1768 1926 igitur
1786 1891 1816 1919 in

1033 1937 1167 1973 qualibet
1182 1939 1318 1965 creatura
1340 1938 1395 1965 boe
1417 1938 1462 1970 sit,
1482 1938 1634 1966 rationalis
1651 1942 1749 1966 tamen
1765 1945 1816 1966 na-

1033 1987 1098 2012 tura
1123 1985 1258 2012 omnium
1284 1988 1458 2012 naturarum
1492 1985 1666 2019 dignissima
1695 1988 1747 2019 est,
1778 1993 1814 2013 eo

1032 2031 1115 2067 quod
1131 2032 1167 2059 sit
1182 2031 1220 2059 ad
1237 2031 1451 2059 beatitudinem
1468 2031 1615 2065 ordinata,
1626 2034 1653 2059 et
1666 2032 1740 2060 inter
1752 2039 1814 2059 om-

1032 2079 1115 2106 nium
1144 2082 1346 2106 creaturarum
1382 2086 1491 2114 genera
1520 2087 1635 2106 summe
1674 2079 1812 2115 perfecta,

1031 2129 1152 2162 propter
1167 2134 1259 2162 quam
1275 2128 1377 2153 cur-tera
1394 2128 1460 2153 sunt
1481 2125 1565 2160 sacta,
1588 2127 1619 2153 ut
1640 2125 1767 2153 habetur
1783 2126 1812 2153 in

1032 2174 1143 2207 Phys-sva
1160 2174 1189 2207 ¹³,
1208 2176 1234 2200 et
1251 2173 1348 2200 omnis
1363 2175 1512 2200 aue-tatur
1533 2173 1683 2208 Scriptura
1699 2172 1811 2201 divina.

1030 2220 1086 2247 Sed
1103 2220 1269 2247 notandum
1285 2223 1337 2252 est,
1353 2220 1437 2256 quod
1457 2220 1495 2247 ad
1512 2221 1674 2256 perfectum
1689 2219 1812 2255 cujusli-

1030 2267 1079 2294 bet
1100 2267 1215 2301 generis
1240 2270 1380 2294 creatura:
1408 2267 1578 2303 requiritur,
1608 2270 1639 2295 ut
1661 2267 1811 2295 varientur

1028 2313 1197 2348 individua,
1214 2316 1244 2341 ut
1259 2323 1289 2341 se
1306 2314 1434 2342 habeant
1450 2314 1479 2341 in
1496 2314 1636 2341 omnibus
1657 2317 1811 2349 tamquam

1029 2361 1212 2395 excedentia,
1234 2364 1261 2388 et
1280 2369 1400 2389 excessa
1418 2371 1424 2389 :
1445 2362 1517 2397 quia
1546 2362 1568 2389 si
1592 2362 1694 2389 omnia
1714 2363 1810 2388 essent

1028 2408 1166 2444 aequalia,
1195 2407 1301 2435 frustra
1324 2411 1419 2435 essent
1449 2409 1559 2436 omnia.
1581 2409 1607 2436 Si
1628 2407 1707 2435 enim
1735 2409 1810 2434 esset

1027 2455 1076 2482 Sol
1093 2455 1121 2482 in
1138 2458 1243 2482 natura
1259 2455 1360 2482 omnia
1376 2456 1440 2482 cwli
1459 2456 1566 2488 sidera,
1582 2454 1632 2482 ubi
1649 2455 1739 2485 Luna,
1756 2453 1808 2480 ubi

1028 2504 1132 2530 catera
1148 2502 1318 2535 luminaria,
1336 2505 1363 2530 et
1385 2502 1516 2530 etlieaeia
1538 2505 1597 2529 tam
1620 2501 1738 2528 diversa
1750 2500 1764 2527 ⁴?
1779 2501 1808 2529 Si

1026 2592 1078 2619 est,
1100 2596 1177 2613 serm.
1203 2594 1232 2617 ιι,
1256 2595 1282 2612 u.
1305 2590 1339 2612 17.
1358 2602 1386 2606 —
1404 2589 1413 2605 ⁷
1432 2589 1537 2619 Lm.,1,
1553 2588 1592 2612 28.
1609 2600 1637 2605 —
1651 2586 1662 2603 ⁸
1679 2587 1762 2617 Arist„
1777 2586 1807 2612 de

1028 2625 1101 2651 coel..
1116 2625 1159 2648 bb.
1179 2625 1196 2655 l,
1213 2626 1274 2648 text.
1292 2627 1314 2649 ¹0.
1330 2638 1360 2643 —
1375 2625 1385 2641 ⁹
1404 2625 1488 2653 Dent..
1504 2625 1704 2654 xxx11,4.-¹⁰
1720 2623 1805 2654 Arist„

1026 2661 1068 2685 ubi
1084 2667 1140 2692 sup.
1156 2668 1232 2692 prox.
1247 2674 1273 2678 —
1289 2662 1304 2677 '¹
1323 2662 1391 2691 Sap..
1409 2666 1446 2689 xi,
1462 2663 1499 2685 rt.
1513 2673 1542 2678 —
1560 2661 1578 2676 ¹¹
1594 2660 1679 2689 atisk,
1697 2659 1805 2691 Physic..

1027 2697 1069 2720 lib.
1087 2697 1130 2727 Vt,
1147 2698 1208 2721 text.
1224 2698 1262 2721 91.
1279 2709 1308 2714 -—
1327 2696 1346 2713 ¹³
1362 2696 1434 2726 thia„
1450 2696 1493 2719 lib.
1515 2696 1544 2726 ti,
1561 2698 1622 2720 text.
1639 2697 1678 2719 2⁴.
