<?xml version="1.0" encoding="UTF-8"?>
<!DOCTYPE html PUBLIC "-//W3C//DTD XHTML 1.0 Transitional//EN"
    "http://www.w3.org/TR/xhtml1/DTD/xhtml1-transitional.dtd">
<html xmlns="http://www.w3.org/1999/xhtml" xml:lang="en" lang="en">
 <head>
  <title>
</title>
<meta http-equiv="Content-Type" content="text/html;charset=utf-8" />
  <meta name='ocr-system' content='tesseract 3.04.00' />
  <meta name='ocr-capabilities' content='ocr_page ocr_carea ocr_par ocr_line ocrx_word'/>
</head>
<body>
  <div class='ocr_page' id='page_1' title='image "./operaomniasixtiv14bonauoft/operaomniasixtiv14bonauoft_0275.png"; bbox 0 0 2029 3052; ppageno 0'>
   <div class='ocr_carea' id='block_1_1' title="bbox 886 204 1105 238">
    <p class='ocr_par' dir='ltr' id='par_1_1' title="bbox 886 204 1105 238">
     <span class='ocr_line' id='line_1_1' title="bbox 886 204 1105 238; baseline 0 -1"><span class='ocrx_word' id='word_1_1' title='bbox 886 204 1027 238; x_wconf 85' lang='lat' dir='ltr'>LECTIO</span> <span class='ocrx_word' id='word_1_2' title='bbox 1049 205 1105 237; x_wconf 89' lang='lat' dir='ltr'><strong>III.</strong></span> 
     </span>
    </p>
   </div>
   <div class='ocr_carea' id='block_1_2' title="bbox 182 271 976 2530">
    <p class='ocr_par' dir='ltr' id='par_1_2' title="bbox 182 271 976 2530">
     <span class='ocr_line' id='line_1_2' title="bbox 182 271 966 310; baseline -0.005 -6"><span class='ocrx_word' id='word_1_3' title='bbox 182 282 255 304; x_wconf 90' lang='lat' dir='ltr'>vero</span> <span class='ocrx_word' id='word_1_4' title='bbox 274 274 442 304; x_wconf 88' lang='lat' dir='ltr'>Salomonis</span> <span class='ocrx_word' id='word_1_5' title='bbox 464 275 507 303; x_wconf 87' lang='lat' dir='ltr'>est</span> <span class='ocrx_word' id='word_1_6' title='bbox 524 274 624 310; x_wconf 83' lang='lat' dir='ltr'>Maria,</span> <span class='ocrx_word' id='word_1_7' title='bbox 645 272 767 310; x_wconf 85' lang='lat' dir='ltr'>grandis</span> <span class='ocrx_word' id='word_1_8' title='bbox 786 271 911 301; x_wconf 86' lang='lat' dir='ltr'>omnino</span> <span class='ocrx_word' id='word_1_9' title='bbox 935 273 966 301; x_wconf 86' lang='lat' dir='ltr'>in</span> 
     </span>
     <span class='ocr_line' id='line_1_3' title="bbox 183 320 967 359; baseline -0.004 -7"><span class='ocrx_word' id='word_1_10' title='bbox 183 323 278 359; x_wconf 79' lang='lat' dir='ltr'>gratia</span> <span class='ocrx_word' id='word_1_11' title='bbox 297 322 370 351; x_wconf 87' lang='lat' dir='ltr'>etin</span> <span class='ocrx_word' id='word_1_12' title='bbox 389 322 494 359; x_wconf 84' lang='lat' dir='ltr'>gloria.</span> <span class='ocrx_word' id='word_1_13' title='bbox 513 322 635 358; x_wconf 83' lang='lat' dir='ltr'>Propter</span> <span class='ocrx_word' id='word_1_14' title='bbox 659 320 743 357; x_wconf 90' lang='lat' dir='ltr'>quod</span> <span class='ocrx_word' id='word_1_15' title='bbox 762 320 838 349; x_wconf 91' lang='lat' dir='ltr'>bene</span> <span class='ocrx_word' id='word_1_16' title='bbox 862 321 967 349; x_wconf 88' lang='lat' dir='ltr'>beatus</span> 
     </span>
     <span class='ocr_line' id='line_1_4' title="bbox 183 368 969 404; baseline -0.004 -5"><span class='ocrx_word' id='word_1_17' title='bbox 183 370 350 399; x_wconf 83' lang='lat' dir='ltr'>Bernardus</span> <span class='ocrx_word' id='word_1_18' title='bbox 370 370 411 398; x_wconf 85' lang='lat' dir='ltr'>ait</span> <span class='ocrx_word' id='word_1_19' title='bbox 435 371 444 388; x_wconf 84' lang='lat'>¹</span> <span class='ocrx_word' id='word_1_20' title='bbox 466 379 472 398; x_wconf 94' lang='lat'><strong>:</strong></span> <span class='ocrx_word' id='word_1_21' title='bbox 501 379 514 396; x_wconf 87' lang='lat'>«</span> <span class='ocrx_word' id='word_1_22' title='bbox 535 370 684 403; x_wconf 86' lang='lat' dir='ltr'>Quantum</span> <span class='ocrx_word' id='word_1_23' title='bbox 707 368 808 404; x_wconf 68' lang='lat' dir='ltr'>gratiae</span> <span class='ocrx_word' id='word_1_24' title='bbox 828 368 918 397; x_wconf 89' lang='lat' dir='ltr'>Maria</span> <span class='ocrx_word' id='word_1_25' title='bbox 936 368 969 396; x_wconf 92' lang='lat' dir='ltr'>in</span> 
     </span>
     <span class='ocr_line' id='line_1_5' title="bbox 183 415 966 454; baseline -0.003 -9"><span class='ocrx_word' id='word_1_26' title='bbox 183 417 267 445; x_wconf 88' lang='lat' dir='ltr'>terris</span> <span class='ocrx_word' id='word_1_27' title='bbox 284 417 394 454; x_wconf 87' lang='lat' dir='ltr'>adepta</span> <span class='ocrx_word' id='word_1_28' title='bbox 413 417 454 445; x_wconf 84' lang='lat' dir='ltr'>est</span> <span class='ocrx_word' id='word_1_29' title='bbox 471 424 534 453; x_wconf 83' lang='lat' dir='ltr'>prae</span> <span class='ocrx_word' id='word_1_30' title='bbox 553 415 675 451; x_wconf 79' lang='lat' dir='ltr'>coeteris,</span> <span class='ocrx_word' id='word_1_31' title='bbox 699 416 814 444; x_wconf 87' lang='lat' dir='ltr'>tantum</span> <span class='ocrx_word' id='word_1_32' title='bbox 836 415 867 443; x_wconf 85' lang='lat' dir='ltr'>in</span> <span class='ocrx_word' id='word_1_33' title='bbox 885 415 966 443; x_wconf 87' lang='lat' dir='ltr'>coelis</span> 
     </span>
     <span class='ocr_line' id='line_1_6' title="bbox 185 462 969 500; baseline -0.001 -8"><span class='ocrx_word' id='word_1_34' title='bbox 185 464 313 493; x_wconf 84' lang='lat' dir='ltr'>obtinuit</span> <span class='ocrx_word' id='word_1_35' title='bbox 337 464 439 500; x_wconf 77' lang='lat' dir='ltr'>gloriae</span> <span class='ocrx_word' id='word_1_36' title='bbox 467 463 665 500; x_wconf 64' lang='lat' dir='ltr'>singularis.»</span> <span class='ocrx_word' id='word_1_37' title='bbox 683 462 757 498; x_wconf 93' lang='lat' dir='ltr'>Quia</span> <span class='ocrx_word' id='word_1_38' title='bbox 781 471 853 499; x_wconf 88' lang='lat' dir='ltr'>ergo</span> <span class='ocrx_word' id='word_1_39' title='bbox 879 462 969 491; x_wconf 86' lang='lat' dir='ltr'>Maria</span> 
     </span>
     <span class='ocr_line' id='line_1_7' title="bbox 184 509 968 547; baseline -0.001 -8"><span class='ocrx_word' id='word_1_40' title='bbox 184 513 245 540; x_wconf 85' lang='lat' dir='ltr'>tam</span> <span class='ocrx_word' id='word_1_41' title='bbox 266 511 438 547; x_wconf 83' lang='lat' dir='ltr'>longissime</span> <span class='ocrx_word' id='word_1_42' title='bbox 459 511 514 539; x_wconf 86' lang='lat' dir='ltr'>fuit</span> <span class='ocrx_word' id='word_1_43' title='bbox 533 511 571 539; x_wconf 89' lang='lat' dir='ltr'>ab</span> <span class='ocrx_word' id='word_1_44' title='bbox 591 511 647 539; x_wconf 87' lang='lat' dir='ltr'>isto</span> <span class='ocrx_word' id='word_1_45' title='bbox 662 519 717 545; x_wconf 78' lang='lat' dir='ltr'>vae,</span> <span class='ocrx_word' id='word_1_46' title='bbox 733 510 803 539; x_wconf 88' lang='lat' dir='ltr'>ideo</span> <span class='ocrx_word' id='word_1_47' title='bbox 819 509 925 538; x_wconf 85' lang='lat' dir='ltr'>merito</span> <span class='ocrx_word' id='word_1_48' title='bbox 942 510 968 538; x_wconf 87' lang='lat' dir='ltr'>ei</span> 
     </span>
     <span class='ocr_line' id='line_1_8' title="bbox 185 557 969 594; baseline -0.001 -8"><span class='ocrx_word' id='word_1_49' title='bbox 185 557 297 586; x_wconf 90' lang='lat' dir='ltr'>dictum</span> <span class='ocrx_word' id='word_1_50' title='bbox 308 560 365 586; x_wconf 89' lang='lat' dir='ltr'>est:</span> <span class='ocrx_word' id='word_1_51' title='bbox 377 559 445 587; x_wconf 83' lang='lat' dir='ltr'>Ave.</span> <span class='ocrx_word' id='word_1_52' title='bbox 460 559 532 587; x_wconf 87' lang='lat' dir='ltr'>ltem</span> <span class='ocrx_word' id='word_1_53' title='bbox 545 567 590 587; x_wconf 82' lang='lat' dir='ltr'>vae</span> <span class='ocrx_word' id='word_1_54' title='bbox 602 558 746 594; x_wconf 72' lang='lat' dir='ltr'>gehennae</span> <span class='ocrx_word' id='word_1_55' title='bbox 762 557 893 586; x_wconf 77' lang='lat' dir='ltr'>consistit</span> <span class='ocrx_word' id='word_1_56' title='bbox 907 566 969 586; x_wconf 91' lang='lat' dir='ltr'>non</span> 
     </span>
     <span class='ocr_line' id='line_1_9' title="bbox 184 605 968 642; baseline 0.001 -10"><span class='ocrx_word' id='word_1_57' title='bbox 184 605 282 633; x_wconf 89' lang='lat' dir='ltr'>solum</span> <span class='ocrx_word' id='word_1_58' title='bbox 296 605 328 633; x_wconf 91' lang='lat' dir='ltr'>in</span> <span class='ocrx_word' id='word_1_59' title='bbox 343 614 438 642; x_wconf 81' lang='lat' dir='ltr'>poenae</span> <span class='ocrx_word' id='word_1_60' title='bbox 452 606 669 642; x_wconf 80' lang='lat' dir='ltr'>magnitudine,</span> <span class='ocrx_word' id='word_1_61' title='bbox 687 605 739 634; x_wconf 85' lang='lat' dir='ltr'>sed</span> <span class='ocrx_word' id='word_1_62' title='bbox 755 605 844 634; x_wconf 89' lang='lat' dir='ltr'>etiam</span> <span class='ocrx_word' id='word_1_63' title='bbox 858 605 889 633; x_wconf 92' lang='lat' dir='ltr'>in</span> <span class='ocrx_word' id='word_1_64' title='bbox 903 613 968 641; x_wconf 85' lang='lat' dir='ltr'>pce-</span> 
     </span>
     <span class='ocr_line' id='line_1_10' title="bbox 184 652 968 681; baseline 0 0"><span class='ocrx_word' id='word_1_65' title='bbox 184 660 292 681; x_wconf 86' lang='lat' dir='ltr'>narum</span> <span class='ocrx_word' id='word_1_66' title='bbox 316 653 516 681; x_wconf 88' lang='lat' dir='ltr'>multitudine.</span> <span class='ocrx_word' id='word_1_67' title='bbox 537 653 618 681; x_wconf 83' lang='lat' dir='ltr'>Unde</span> <span class='ocrx_word' id='word_1_68' title='bbox 642 653 673 681; x_wconf 90' lang='lat' dir='ltr'>in</span> <span class='ocrx_word' id='word_1_69' title='bbox 693 653 768 681; x_wconf 83' lang='lat' dir='ltr'>isaia</span> <span class='ocrx_word' id='word_1_70' title='bbox 796 652 904 681; x_wconf 88' lang='lat' dir='ltr'>dicitur</span> <span class='ocrx_word' id='word_1_71' title='bbox 926 653 936 669; x_wconf 77' lang='lat'><strong>²</strong></span> <span class='ocrx_word' id='word_1_72' title='bbox 961 661 968 680; x_wconf 75' lang='lat' dir='ltr'><em>z</em></span> 
     </span>
     <span class='ocr_line' id='line_1_11' title="bbox 188 699 970 735; baseline -0.001 -7"><span class='ocrx_word' id='word_1_73' title='bbox 188 701 235 728; x_wconf 84' lang='lat' dir='ltr'>Vae</span> <span class='ocrx_word' id='word_1_74' title='bbox 249 701 347 728; x_wconf 79' lang='lat' dir='ltr'>animoe</span> <span class='ocrx_word' id='word_1_75' title='bbox 360 708 459 734; x_wconf 71' lang='lat' dir='ltr'>eorum,</span> <span class='ocrx_word' id='word_1_76' title='bbox 476 701 542 735; x_wconf 77' lang='lat' dir='ltr'>quia</span> <span class='ocrx_word' id='word_1_77' title='bbox 554 700 666 728; x_wconf 79' lang='lat' dir='ltr'>reddita</span> <span class='ocrx_word' id='word_1_78' title='bbox 681 702 744 728; x_wconf 82' lang='lat' dir='ltr'>sunt</span> <span class='ocrx_word' id='word_1_79' title='bbox 756 702 794 728; x_wconf 83' lang='lat' dir='ltr'>eis</span> <span class='ocrx_word' id='word_1_80' title='bbox 808 701 892 728; x_wconf 82' lang='lat' dir='ltr'>mala.</span> <span class='ocrx_word' id='word_1_81' title='bbox 904 699 970 727; x_wconf 87' lang='lat' dir='ltr'>Plu-</span> 
     </span>
     <span class='ocr_line' id='line_1_12' title="bbox 184 746 971 783; baseline 0.001 -9"><span class='ocrx_word' id='word_1_82' title='bbox 184 746 286 775; x_wconf 87' lang='lat' dir='ltr'>raliter</span> <span class='ocrx_word' id='word_1_83' title='bbox 305 746 375 774; x_wconf 87' lang='lat' dir='ltr'>dicit</span> <span class='ocrx_word' id='word_1_84' title='bbox 402 748 485 782; x_wconf 83' lang='lat' dir='ltr'>mala,</span> <span class='ocrx_word' id='word_1_85' title='bbox 512 747 584 783; x_wconf 86' lang='lat' dir='ltr'>quia</span> <span class='ocrx_word' id='word_1_86' title='bbox 610 747 718 782; x_wconf 88' lang='lat' dir='ltr'>plura:</span> <span class='ocrx_word' id='word_1_87' title='bbox 746 747 807 775; x_wconf 91' lang='lat' dir='ltr'>imo</span> <span class='ocrx_word' id='word_1_88' title='bbox 839 747 971 783; x_wconf 83' lang='lat' dir='ltr'>plurima</span> 
     </span>
     <span class='ocr_line' id='line_1_13' title="bbox 184 794 971 831; baseline 0 -9"><span class='ocrx_word' id='word_1_89' title='bbox 184 794 265 822; x_wconf 89' lang='lat' dir='ltr'>mala</span> <span class='ocrx_word' id='word_1_90' title='bbox 274 794 361 822; x_wconf 86' lang='lat' dir='ltr'>malis</span> <span class='ocrx_word' id='word_1_91' title='bbox 371 794 539 823; x_wconf 91' lang='lat' dir='ltr'>redduntur</span> <span class='ocrx_word' id='word_1_92' title='bbox 546 794 577 822; x_wconf 92' lang='lat' dir='ltr'>in</span> <span class='ocrx_word' id='word_1_93' title='bbox 588 794 735 830; x_wconf 80' lang='lat' dir='ltr'>gehenna.</span> <span class='ocrx_word' id='word_1_94' title='bbox 746 795 767 823; x_wconf 93' lang='lat' dir='ltr'>O</span> <span class='ocrx_word' id='word_1_95' title='bbox 779 802 871 831; x_wconf 87' lang='lat' dir='ltr'>quarn</span> <span class='ocrx_word' id='word_1_96' title='bbox 880 795 971 830; x_wconf 86' lang='lat' dir='ltr'>longe</span> 
     </span>
     <span class='ocr_line' id='line_1_14' title="bbox 184 841 971 870; baseline 0.001 -1"><span class='ocrx_word' id='word_1_97' title='bbox 184 841 223 870; x_wconf 88' lang='lat' dir='ltr'>ab</span> <span class='ocrx_word' id='word_1_98' title='bbox 238 841 293 870; x_wconf 90' lang='lat' dir='ltr'>isto</span> <span class='ocrx_word' id='word_1_99' title='bbox 305 849 349 869; x_wconf 83' lang='lat' dir='ltr'>voe</span> <span class='ocrx_word' id='word_1_100' title='bbox 361 841 563 869; x_wconf 85' lang='lat' dir='ltr'>multitudinis</span> <span class='ocrx_word' id='word_1_101' title='bbox 577 843 793 870; x_wconf 90' lang='lat' dir='ltr'>tormentorum</span> <span class='ocrx_word' id='word_1_102' title='bbox 806 841 861 869; x_wconf 85' lang='lat' dir='ltr'>fuit</span> <span class='ocrx_word' id='word_1_103' title='bbox 874 841 905 869; x_wconf 93' lang='lat' dir='ltr'>in</span> <span class='ocrx_word' id='word_1_104' title='bbox 915 843 971 870; x_wconf 86' lang='lat' dir='ltr'>Ma-</span> 
     </span>
     <span class='ocr_line' id='line_1_15' title="bbox 183 888 971 925; baseline 0 -9"><span class='ocrx_word' id='word_1_105' title='bbox 183 888 229 917; x_wconf 83' lang='lat' dir='ltr'>ria</span> <span class='ocrx_word' id='word_1_106' title='bbox 256 888 416 917; x_wconf 88' lang='lat' dir='ltr'>multitudo</span> <span class='ocrx_word' id='word_1_107' title='bbox 437 888 615 917; x_wconf 82' lang='lat' dir='ltr'>meritorum</span> <span class='ocrx_word' id='word_1_108' title='bbox 643 890 671 917; x_wconf 91' lang='lat' dir='ltr'>et</span> <span class='ocrx_word' id='word_1_109' title='bbox 692 888 895 925; x_wconf 66' lang='lat' dir='ltr'>praemiorum,</span> <span class='ocrx_word' id='word_1_110' title='bbox 924 888 971 916; x_wconf 91' lang='lat' dir='ltr'>cui</span> 
     </span>
     <span class='ocr_line' id='line_1_16' title="bbox 185 936 972 972; baseline 0 -8"><span class='ocrx_word' id='word_1_111' title='bbox 185 939 288 968; x_wconf 83' lang='lat' dir='ltr'>contra</span> <span class='ocrx_word' id='word_1_112' title='bbox 301 937 397 965; x_wconf 89' lang='lat' dir='ltr'>multa</span> <span class='ocrx_word' id='word_1_113' title='bbox 412 936 624 966; x_wconf 86' lang='lat' dir='ltr'>damnatorum</span> <span class='ocrx_word' id='word_1_114' title='bbox 635 936 716 965; x_wconf 88' lang='lat' dir='ltr'>mala</span> <span class='ocrx_word' id='word_1_115' title='bbox 731 937 763 964; x_wconf 90' lang='lat' dir='ltr'>in</span> <span class='ocrx_word' id='word_1_116' title='bbox 777 936 894 965; x_wconf 82' lang='lat' dir='ltr'>inferno</span> <span class='ocrx_word' id='word_1_117' title='bbox 907 937 972 972; x_wconf 89' lang='lat' dir='ltr'>jam</span> 
     </span>
     <span class='ocr_line' id='line_1_17' title="bbox 185 984 972 1020; baseline 0 -8"><span class='ocrx_word' id='word_1_118' title='bbox 185 985 260 1012; x_wconf 87' lang='lat' dir='ltr'>Deus</span> <span class='ocrx_word' id='word_1_119' title='bbox 274 986 493 1020; x_wconf 79' lang='lat' dir='ltr'>praeparaverat</span> <span class='ocrx_word' id='word_1_120' title='bbox 515 984 610 1012; x_wconf 88' lang='lat' dir='ltr'>multa</span> <span class='ocrx_word' id='word_1_121' title='bbox 627 984 709 1012; x_wconf 81' lang='lat' dir='ltr'>bona</span> <span class='ocrx_word' id='word_1_122' title='bbox 730 984 761 1012; x_wconf 92' lang='lat' dir='ltr'>in</span> <span class='ocrx_word' id='word_1_123' title='bbox 778 984 865 1020; x_wconf 88' lang='lat' dir='ltr'>coelo,</span> <span class='ocrx_word' id='word_1_124' title='bbox 884 984 925 1012; x_wconf 88' lang='lat' dir='ltr'>ita</span> <span class='ocrx_word' id='word_1_125' title='bbox 939 986 972 1012; x_wconf 90' lang='lat' dir='ltr'>ut</span> 
     </span>
     <span class='ocr_line' id='line_1_18' title="bbox 185 1031 973 1067; baseline 0 -8"><span class='ocrx_word' id='word_1_126' title='bbox 185 1031 287 1059; x_wconf 88' lang='lat' dir='ltr'>nullus</span> <span class='ocrx_word' id='word_1_127' title='bbox 316 1031 451 1067; x_wconf 82' lang='lat' dir='ltr'>angelus,</span> <span class='ocrx_word' id='word_1_128' title='bbox 479 1031 579 1059; x_wconf 86' lang='lat' dir='ltr'>nullus</span> <span class='ocrx_word' id='word_1_129' title='bbox 606 1033 776 1059; x_wconf 88' lang='lat' dir='ltr'>sanctorum</span> <span class='ocrx_word' id='word_1_130' title='bbox 806 1032 832 1060; x_wconf 92' lang='lat' dir='ltr'>ei</span> <span class='ocrx_word' id='word_1_131' title='bbox 860 1031 973 1067; x_wconf 75' lang='lat' dir='ltr'>aequari</span> 
     </span>
     <span class='ocr_line' id='line_1_19' title="bbox 185 1078 973 1114; baseline 0.001 -8"><span class='ocrx_word' id='word_1_132' title='bbox 185 1078 278 1114; x_wconf 86' lang='lat' dir='ltr'>possit</span> <span class='ocrx_word' id='word_1_133' title='bbox 289 1078 321 1106; x_wconf 92' lang='lat' dir='ltr'>in</span> <span class='ocrx_word' id='word_1_134' title='bbox 333 1078 524 1106; x_wconf 89' lang='lat' dir='ltr'>multitudine</span> <span class='ocrx_word' id='word_1_135' title='bbox 539 1079 567 1106; x_wconf 92' lang='lat' dir='ltr'>et</span> <span class='ocrx_word' id='word_1_136' title='bbox 579 1079 809 1114; x_wconf 81' lang='lat' dir='ltr'>congregatione</span> <span class='ocrx_word' id='word_1_137' title='bbox 821 1079 973 1107; x_wconf 84' lang='lat' dir='ltr'>bonorum</span> 
     </span>
     <span class='ocr_line' id='line_1_20' title="bbox 187 1125 972 1161; baseline 0.003 -8"><span class='ocrx_word' id='word_1_138' title='bbox 187 1125 361 1161; x_wconf 84' lang='lat' dir='ltr'>coelestium,</span> <span class='ocrx_word' id='word_1_139' title='bbox 381 1126 463 1161; x_wconf 77' lang='lat' dir='ltr'>juxta</span> <span class='ocrx_word' id='word_1_140' title='bbox 493 1126 570 1154; x_wconf 88' lang='lat' dir='ltr'>illud</span> <span class='ocrx_word' id='word_1_141' title='bbox 593 1127 800 1154; x_wconf 84' lang='lat' dir='ltr'>Proverbiorum</span> <span class='ocrx_word' id='word_1_142' title='bbox 819 1127 829 1144; x_wconf 85' lang='lat'>³</span> <span class='ocrx_word' id='word_1_143' title='bbox 847 1137 853 1155; x_wconf 91' lang='lat'><strong>:</strong></span> <span class='ocrx_word' id='word_1_144' title='bbox 875 1128 972 1155; x_wconf 78' lang='lat' dir='ltr'>Multae</span> 
     </span>
     <span class='ocr_line' id='line_1_21' title="bbox 185 1173 973 1210; baseline 0.003 -10"><span class='ocrx_word' id='word_1_145' title='bbox 185 1174 251 1208; x_wconf 76' lang='lat' dir='ltr'>filioe</span> <span class='ocrx_word' id='word_1_146' title='bbox 265 1175 493 1208; x_wconf 62' lang='lat' dir='ltr'>congregaverunt</span> <span class='ocrx_word' id='word_1_147' title='bbox 513 1173 648 1209; x_wconf 82' lang='lat' dir='ltr'>divitias;</span> <span class='ocrx_word' id='word_1_148' title='bbox 674 1176 703 1201; x_wconf 82' lang='lat' dir='ltr'>tu</span> <span class='ocrx_word' id='word_1_149' title='bbox 718 1175 783 1202; x_wconf 86' lang='lat' dir='ltr'>sola</span> <span class='ocrx_word' id='word_1_150' title='bbox 799 1182 973 1210; x_wconf 64' lang='lat' dir='ltr'>supercressa</span> 
     </span>
     <span class='ocr_line' id='line_1_22' title="bbox 187 1220 973 1256; baseline 0.003 -9"><span class='ocrx_word' id='word_1_151' title='bbox 187 1228 214 1248; x_wconf 86' lang='lat' dir='ltr'>es</span> <span class='ocrx_word' id='word_1_152' title='bbox 228 1221 380 1248; x_wconf 77' lang='lat' dir='ltr'>universas.</span> <span class='ocrx_word' id='word_1_153' title='bbox 401 1220 430 1248; x_wconf 90' lang='lat' dir='ltr'>Si</span> <span class='ocrx_word' id='word_1_154' title='bbox 447 1220 527 1248; x_wconf 88' lang='lat' dir='ltr'>filias</span> <span class='ocrx_word' id='word_1_155' title='bbox 546 1221 615 1248; x_wconf 87' lang='lat' dir='ltr'>istas</span> <span class='ocrx_word' id='word_1_156' title='bbox 636 1220 839 1256; x_wconf 83' lang='lat' dir='ltr'>intelligamus</span> <span class='ocrx_word' id='word_1_157' title='bbox 858 1223 973 1250; x_wconf 86' lang='lat' dir='ltr'>sanctas</span> 
     </span>
     <span class='ocr_line' id='line_1_23' title="bbox 186 1267 973 1305; baseline 0.001 -10"><span class='ocrx_word' id='word_1_158' title='bbox 186 1267 301 1295; x_wconf 88' lang='lat' dir='ltr'>animas</span> <span class='ocrx_word' id='word_1_159' title='bbox 323 1267 372 1295; x_wconf 91' lang='lat' dir='ltr'>vel</span> <span class='ocrx_word' id='word_1_160' title='bbox 401 1267 609 1303; x_wconf 81' lang='lat' dir='ltr'>intelligentias</span> <span class='ocrx_word' id='word_1_161' title='bbox 636 1268 797 1303; x_wconf 87' lang='lat' dir='ltr'>angelicas,</span> <span class='ocrx_word' id='word_1_162' title='bbox 823 1269 973 1305; x_wconf 88' lang='lat' dir='ltr'>numquid</span> 
     </span>
     <span class='ocr_line' id='line_1_24' title="bbox 185 1314 972 1350; baseline 0.001 -8"><span class='ocrx_word' id='word_1_163' title='bbox 185 1322 248 1342; x_wconf 87' lang='lat' dir='ltr'>non</span> <span class='ocrx_word' id='word_1_164' title='bbox 263 1322 453 1350; x_wconf 86' lang='lat' dir='ltr'>supergressa</span> <span class='ocrx_word' id='word_1_165' title='bbox 465 1315 508 1342; x_wconf 87' lang='lat' dir='ltr'>est</span> <span class='ocrx_word' id='word_1_166' title='bbox 521 1314 638 1342; x_wconf 84' lang='lat' dir='ltr'>divitias</span> <span class='ocrx_word' id='word_1_167' title='bbox 650 1315 810 1350; x_wconf 85' lang='lat' dir='ltr'>virginum,</span> <span class='ocrx_word' id='word_1_168' title='bbox 823 1315 972 1344; x_wconf 81' lang='lat' dir='ltr'>confesso-</span> 
     </span>
     <span class='ocr_line' id='line_1_25' title="bbox 185 1361 971 1398; baseline 0.003 -9"><span class='ocrx_word' id='word_1_169' title='bbox 185 1369 264 1395; x_wconf 86' lang='lat' dir='ltr'>rum,</span> <span class='ocrx_word' id='word_1_170' title='bbox 288 1363 465 1397; x_wconf 84' lang='lat' dir='ltr'>martyrum,</span> <span class='ocrx_word' id='word_1_171' title='bbox 494 1361 711 1397; x_wconf 87' lang='lat' dir='ltr'>apostolorum,</span> <span class='ocrx_word' id='word_1_172' title='bbox 745 1363 971 1398; x_wconf 86' lang='lat' dir='ltr'>prophetarum,</span> 
     </span>
     <span class='ocr_line' id='line_1_26' title="bbox 185 1408 974 1447; baseline 0.003 -11"><span class='ocrx_word' id='word_1_173' title='bbox 185 1408 422 1444; x_wconf 87' lang='lat' dir='ltr'>patriarcharum</span> <span class='ocrx_word' id='word_1_174' title='bbox 437 1410 465 1436; x_wconf 90' lang='lat' dir='ltr'>et</span> <span class='ocrx_word' id='word_1_175' title='bbox 479 1408 672 1444; x_wconf 86' lang='lat' dir='ltr'>angelorum,</span> <span class='ocrx_word' id='word_1_176' title='bbox 689 1418 758 1437; x_wconf 88' lang='lat' dir='ltr'>cum</span> <span class='ocrx_word' id='word_1_177' title='bbox 773 1410 836 1445; x_wconf 87' lang='lat' dir='ltr'>ipsa</span> <span class='ocrx_word' id='word_1_178' title='bbox 861 1410 896 1438; x_wconf 87' lang='lat' dir='ltr'>sit</span> <span class='ocrx_word' id='word_1_179' title='bbox 914 1411 974 1447; x_wconf 88' lang='lat' dir='ltr'>pri-</span> 
     </span>
     <span class='ocr_line' id='line_1_27' title="bbox 186 1455 974 1493; baseline 0.004 -10"><span class='ocrx_word' id='word_1_180' title='bbox 186 1455 290 1484; x_wconf 86' lang='lat' dir='ltr'>mitiva</span> <span class='ocrx_word' id='word_1_181' title='bbox 308 1455 469 1491; x_wconf 84' lang='lat' dir='ltr'>virginum,</span> <span class='ocrx_word' id='word_1_182' title='bbox 495 1455 650 1491; x_wconf 86' lang='lat' dir='ltr'>speculum</span> <span class='ocrx_word' id='word_1_183' title='bbox 671 1456 885 1493; x_wconf 83' lang='lat' dir='ltr'>confessorum,</span> <span class='ocrx_word' id='word_1_184' title='bbox 906 1466 974 1487; x_wconf 83' lang='lat' dir='ltr'>rosa</span> 
     </span>
     <span class='ocr_line' id='line_1_28' title="bbox 187 1502 974 1539; baseline 0.004 -9"><span class='ocrx_word' id='word_1_185' title='bbox 187 1505 364 1539; x_wconf 86' lang='lat' dir='ltr'>martyrum,</span> <span class='ocrx_word' id='word_1_186' title='bbox 385 1502 544 1538; x_wconf 77' lang='lat' dir='ltr'>registrum</span> <span class='ocrx_word' id='word_1_187' title='bbox 575 1503 793 1539; x_wconf 84' lang='lat' dir='ltr'>apostolorum,</span> <span class='ocrx_word' id='word_1_188' title='bbox 817 1505 974 1533; x_wconf 83' lang='lat' dir='ltr'>oraculum</span> 
     </span>
     <span class='ocr_line' id='line_1_29' title="bbox 186 1549 974 1588; baseline 0.005 -11"><span class='ocrx_word' id='word_1_189' title='bbox 186 1550 413 1586; x_wconf 82' lang='lat' dir='ltr'>prophetarum,</span> <span class='ocrx_word' id='word_1_190' title='bbox 428 1549 491 1578; x_wconf 91' lang='lat' dir='ltr'>filia</span> <span class='ocrx_word' id='word_1_191' title='bbox 504 1550 754 1586; x_wconf 84' lang='lat' dir='ltr'>patriarcharum,</span> <span class='ocrx_word' id='word_1_192' title='bbox 765 1551 869 1587; x_wconf 89' lang='lat' dir='ltr'>regina</span> <span class='ocrx_word' id='word_1_193' title='bbox 885 1560 974 1588; x_wconf 85' lang='lat' dir='ltr'>ange-</span> 
     </span>
     <span class='ocr_line' id='line_1_30' title="bbox 186 1596 973 1631; baseline 0.005 -7"><span class='ocrx_word' id='word_1_194' title='bbox 186 1596 309 1625; x_wconf 77' lang='lat' dir='ltr'>lorum?</span> <span class='ocrx_word' id='word_1_195' title='bbox 322 1597 399 1631; x_wconf 88' lang='lat' dir='ltr'>Quid</span> <span class='ocrx_word' id='word_1_196' title='bbox 419 1597 498 1625; x_wconf 89' lang='lat' dir='ltr'>enim</span> <span class='ocrx_word' id='word_1_197' title='bbox 518 1597 555 1625; x_wconf 91' lang='lat' dir='ltr'>de</span> <span class='ocrx_word' id='word_1_198' title='bbox 579 1597 688 1625; x_wconf 86' lang='lat' dir='ltr'>divitiis</span> <span class='ocrx_word' id='word_1_199' title='bbox 710 1599 846 1627; x_wconf 85' lang='lat' dir='ltr'>omnium</span> <span class='ocrx_word' id='word_1_200' title='bbox 864 1599 973 1628; x_wconf 88' lang='lat' dir='ltr'>horum</span> 
     </span>
     <span class='ocr_line' id='line_1_31' title="bbox 188 1644 973 1682; baseline 0.005 -10"><span class='ocrx_word' id='word_1_201' title='bbox 188 1644 304 1673; x_wconf 76' lang='lat' dir='ltr'>defuit?</span> <span class='ocrx_word' id='word_1_202' title='bbox 332 1645 529 1682; x_wconf 87' lang='lat' dir='ltr'>Hieronymus</span> <span class='ocrx_word' id='word_1_203' title='bbox 555 1646 635 1674; x_wconf 85' lang='lat' dir='ltr'>enim</span> <span class='ocrx_word' id='word_1_204' title='bbox 661 1647 701 1674; x_wconf 87' lang='lat' dir='ltr'>ait</span> <span class='ocrx_word' id='word_1_205' title='bbox 720 1646 730 1662; x_wconf 64' lang='lat'>‘⁸</span> <span class='ocrx_word' id='word_1_206' title='bbox 755 1656 760 1675; x_wconf 95' lang='lat'>:</span> <span class='ocrx_word' id='word_1_207' title='bbox 783 1648 932 1676; x_wconf 86' lang='lat' dir='ltr'>«Mariam</span> <span class='ocrx_word' id='word_1_208' title='bbox 948 1648 973 1676; x_wconf 91' lang='lat' dir='ltr'>si</span> 
     </span>
     <span class='ocr_line' id='line_1_32' title="bbox 188 1692 972 1731; baseline 0.005 -12"><span class='ocrx_word' id='word_1_209' title='bbox 188 1692 359 1728; x_wconf 86' lang='lat' dir='ltr'>diligentius</span> <span class='ocrx_word' id='word_1_210' title='bbox 374 1693 511 1729; x_wconf 79' lang='lat' dir='ltr'>aspicias,</span> <span class='ocrx_word' id='word_1_211' title='bbox 526 1693 600 1721; x_wconf 87' lang='lat' dir='ltr'>nihil</span> <span class='ocrx_word' id='word_1_212' title='bbox 614 1693 729 1722; x_wconf 84' lang='lat' dir='ltr'>virtutis</span> <span class='ocrx_word' id='word_1_213' title='bbox 745 1696 797 1730; x_wconf 89' lang='lat' dir='ltr'>est,</span> <span class='ocrx_word' id='word_1_214' title='bbox 813 1695 888 1723; x_wconf 91' lang='lat' dir='ltr'>nihil</span> <span class='ocrx_word' id='word_1_215' title='bbox 906 1704 972 1731; x_wconf 90' lang='lat' dir='ltr'>spe-</span> 
     </span>
     <span class='ocr_line' id='line_1_33' title="bbox 188 1739 973 1778; baseline 0.005 -11"><span class='ocrx_word' id='word_1_216' title='bbox 188 1739 339 1775; x_wconf 85' lang='lat' dir='ltr'>ciositatis,</span> <span class='ocrx_word' id='word_1_217' title='bbox 359 1740 434 1767; x_wconf 88' lang='lat' dir='ltr'>nihil</span> <span class='ocrx_word' id='word_1_218' title='bbox 455 1740 593 1768; x_wconf 90' lang='lat' dir='ltr'>candoris</span> <span class='ocrx_word' id='word_1_219' title='bbox 618 1743 645 1768; x_wconf 89' lang='lat' dir='ltr'>et</span> <span class='ocrx_word' id='word_1_220' title='bbox 662 1741 776 1777; x_wconf 79' lang='lat' dir='ltr'>gloriae,</span> <span class='ocrx_word' id='word_1_221' title='bbox 793 1743 876 1778; x_wconf 89' lang='lat' dir='ltr'>quod</span> <span class='ocrx_word' id='word_1_222' title='bbox 891 1742 921 1770; x_wconf 84' lang='lat' dir='ltr'>in</span> <span class='ocrx_word' id='word_1_223' title='bbox 938 1751 973 1771; x_wconf 90' lang='lat' dir='ltr'>ea</span> 
     </span>
     <span class='ocr_line' id='line_1_34' title="bbox 188 1787 972 1824; baseline 0.005 -10"><span class='ocrx_word' id='word_1_224' title='bbox 188 1795 250 1815; x_wconf 92' lang='lat' dir='ltr'>non</span> <span class='ocrx_word' id='word_1_225' title='bbox 269 1787 498 1823; x_wconf 84' lang='lat' dir='ltr'>resplendeat.»</span> <span class='ocrx_word' id='word_1_226' title='bbox 516 1788 590 1822; x_wconf 86' lang='lat' dir='ltr'>Quia</span> <span class='ocrx_word' id='word_1_227' title='bbox 615 1796 687 1824; x_wconf 87' lang='lat' dir='ltr'>ergo</span> <span class='ocrx_word' id='word_1_228' title='bbox 711 1789 800 1817; x_wconf 87' lang='lat' dir='ltr'>Maria</span> <span class='ocrx_word' id='word_1_229' title='bbox 822 1791 882 1818; x_wconf 88' lang='lat' dir='ltr'>tam</span> <span class='ocrx_word' id='word_1_230' title='bbox 904 1790 972 1818; x_wconf 87' lang='lat' dir='ltr'>lon-</span> 
     </span>
     <span class='ocr_line' id='line_1_35' title="bbox 190 1834 973 1872; baseline 0.005 -11"><span class='ocrx_word' id='word_1_231' title='bbox 190 1834 309 1868; x_wconf 83' lang='lat' dir='ltr'>gissime</span> <span class='ocrx_word' id='word_1_232' title='bbox 331 1834 366 1869; x_wconf 87' lang='lat' dir='ltr'>(a)</span> <span class='ocrx_word' id='word_1_233' title='bbox 388 1834 442 1862; x_wconf 81' lang='lat' dir='ltr'>fuit</span> <span class='ocrx_word' id='word_1_234' title='bbox 462 1843 480 1863; x_wconf 89' lang='lat' dir='ltr'>a</span> <span class='ocrx_word' id='word_1_235' title='bbox 499 1835 640 1870; x_wconf 79' lang='lat' dir='ltr'>praedicto</span> <span class='ocrx_word' id='word_1_236' title='bbox 665 1844 709 1863; x_wconf 79' lang='lat' dir='ltr'>vae</span> <span class='ocrx_word' id='word_1_237' title='bbox 729 1836 882 1872; x_wconf 69' lang='lat' dir='ltr'>gehennae,</span> <span class='ocrx_word' id='word_1_238' title='bbox 904 1837 973 1866; x_wconf 90' lang='lat' dir='ltr'>ideo</span> 
     </span>
     <span class='ocr_line' id='line_1_36' title="bbox 190 1881 973 1919; baseline 0.005 -11"><span class='ocrx_word' id='word_1_239' title='bbox 190 1881 295 1909; x_wconf 89' lang='lat' dir='ltr'>merito</span> <span class='ocrx_word' id='word_1_240' title='bbox 316 1881 428 1909; x_wconf 88' lang='lat' dir='ltr'>dictum</span> <span class='ocrx_word' id='word_1_241' title='bbox 444 1881 470 1909; x_wconf 89' lang='lat' dir='ltr'>ei</span> <span class='ocrx_word' id='word_1_242' title='bbox 487 1891 493 1909; x_wconf 78' lang='grc' dir='ltr'>ε</span> <span class='ocrx_word' id='word_1_243' title='bbox 511 1884 578 1910; x_wconf 77' lang='lat' dir='ltr'>Ave.</span> <span class='ocrx_word' id='word_1_244' title='bbox 600 1884 671 1910; x_wconf 91' lang='lat' dir='ltr'>ltem</span> <span class='ocrx_word' id='word_1_245' title='bbox 690 1892 734 1911; x_wconf 83' lang='lat' dir='ltr'>vae</span> <span class='ocrx_word' id='word_1_246' title='bbox 754 1884 897 1919; x_wconf 74' lang='lat' dir='ltr'>gehennae</span> <span class='ocrx_word' id='word_1_247' title='bbox 912 1893 973 1912; x_wconf 91' lang='lat' dir='ltr'>non</span> 
     </span>
     <span class='ocr_line' id='line_1_37' title="bbox 191 1927 974 1965; baseline 0.008 -11"><span class='ocrx_word' id='word_1_248' title='bbox 191 1927 290 1955; x_wconf 91' lang='lat' dir='ltr'>solum</span> <span class='ocrx_word' id='word_1_249' title='bbox 302 1928 332 1956; x_wconf 92' lang='lat' dir='ltr'>in</span> <span class='ocrx_word' id='word_1_250' title='bbox 342 1928 560 1965; x_wconf 78' lang='lat' dir='ltr'>magnitudine,</span> <span class='ocrx_word' id='word_1_251' title='bbox 577 1938 638 1958; x_wconf 91' lang='lat' dir='ltr'>non</span> <span class='ocrx_word' id='word_1_252' title='bbox 653 1930 752 1958; x_wconf 89' lang='lat' dir='ltr'>solum</span> <span class='ocrx_word' id='word_1_253' title='bbox 766 1931 796 1958; x_wconf 94' lang='lat' dir='ltr'>in</span> <span class='ocrx_word' id='word_1_254' title='bbox 809 1932 974 1960; x_wconf 87' lang='lat' dir='ltr'>multitudi-</span> 
     </span>
     <span class='ocr_line' id='line_1_38' title="bbox 191 1975 974 2014; baseline 0.006 -12"><span class='ocrx_word' id='word_1_255' title='bbox 191 1983 249 2008; x_wconf 81' lang='lat' dir='ltr'>ne3</span> <span class='ocrx_word' id='word_1_256' title='bbox 265 1975 318 2003; x_wconf 88' lang='lat' dir='ltr'>sed</span> <span class='ocrx_word' id='word_1_257' title='bbox 335 1975 423 2003; x_wconf 85' lang='lat' dir='ltr'>etiam</span> <span class='ocrx_word' id='word_1_258' title='bbox 437 1976 469 2004; x_wconf 89' lang='lat' dir='ltr'>in</span> <span class='ocrx_word' id='word_1_259' title='bbox 483 1976 682 2012; x_wconf 85' lang='lat' dir='ltr'>longitudine,</span> <span class='ocrx_word' id='word_1_260' title='bbox 703 1978 764 2006; x_wconf 89' lang='lat' dir='ltr'>sive</span> <span class='ocrx_word' id='word_1_261' title='bbox 780 1979 974 2014; x_wconf 78' lang='lat' dir='ltr'>perpetuitate</span> 
     </span>
     <span class='ocr_line' id='line_1_39' title="bbox 191 2023 973 2058; baseline 0.005 -9"><span class='ocrx_word' id='word_1_262' title='bbox 191 2030 349 2058; x_wconf 87' lang='lat' dir='ltr'>poenarum</span> <span class='ocrx_word' id='word_1_263' title='bbox 364 2023 503 2051; x_wconf 85' lang='lat' dir='ltr'>consistit.</span> <span class='ocrx_word' id='word_1_264' title='bbox 524 2024 605 2052; x_wconf 88' lang='lat' dir='ltr'>Unde</span> <span class='ocrx_word' id='word_1_265' title='bbox 620 2024 651 2052; x_wconf 90' lang='lat' dir='ltr'>in</span> <span class='ocrx_word' id='word_1_266' title='bbox 667 2025 811 2053; x_wconf 87' lang='lat' dir='ltr'>canonica</span> <span class='ocrx_word' id='word_1_267' title='bbox 829 2026 908 2053; x_wconf 78' lang='lat' dir='ltr'>Judae</span> <span class='ocrx_word' id='word_1_268' title='bbox 927 2026 973 2053; x_wconf 87' lang='lat' dir='ltr'>di-</span> 
     </span>
     <span class='ocr_line' id='line_1_40' title="bbox 193 2069 975 2107; baseline 0.005 -11"><span class='ocrx_word' id='word_1_269' title='bbox 193 2069 267 2097; x_wconf 85' lang='lat' dir='ltr'>citur</span> <span class='ocrx_word' id='word_1_270' title='bbox 277 2070 286 2086; x_wconf 75' lang='lat'>⁵</span> <span class='ocrx_word' id='word_1_271' title='bbox 298 2078 304 2097; x_wconf 92' lang='lat'>:</span> <span class='ocrx_word' id='word_1_272' title='bbox 321 2071 368 2098; x_wconf 83' lang='lat' dir='ltr'>Vae</span> <span class='ocrx_word' id='word_1_273' title='bbox 382 2071 451 2103; x_wconf 80' lang='lat' dir='ltr'>illis,</span> <span class='ocrx_word' id='word_1_274' title='bbox 463 2072 512 2106; x_wconf 78' lang='lat' dir='ltr'>qui</span> <span class='ocrx_word' id='word_1_275' title='bbox 524 2073 553 2098; x_wconf 84' lang='lat' dir='ltr'>in</span> <span class='ocrx_word' id='word_1_276' title='bbox 563 2073 610 2098; x_wconf 84' lang='lat' dir='ltr'>via</span> <span class='ocrx_word' id='word_1_277' title='bbox 622 2071 691 2099; x_wconf 86' lang='lat' dir='ltr'>Cain</span> <span class='ocrx_word' id='word_1_278' title='bbox 703 2073 839 2107; x_wconf 82' lang='lat' dir='ltr'>abierunt,</span> <span class='ocrx_word' id='word_1_279' title='bbox 850 2075 875 2100; x_wconf 85' lang='lat' dir='ltr'>et</span> <span class='ocrx_word' id='word_1_280' title='bbox 887 2081 975 2100; x_wconf 85' lang='lat' dir='ltr'>errore</span> 
     </span>
     <span class='ocr_line' id='line_1_41' title="bbox 193 2117 976 2153; baseline 0.005 -10"><span class='ocrx_word' id='word_1_281' title='bbox 193 2117 306 2144; x_wconf 76' lang='lat' dir='ltr'>Balaam</span> <span class='ocrx_word' id='word_1_282' title='bbox 326 2118 445 2145; x_wconf 78' lang='lat' dir='ltr'>mercede</span> <span class='ocrx_word' id='word_1_283' title='bbox 465 2118 546 2152; x_wconf 81' lang='lat' dir='ltr'>effusi</span> <span class='ocrx_word' id='word_1_284' title='bbox 565 2120 640 2153; x_wconf 80' lang='lat' dir='ltr'>sunt,</span> <span class='ocrx_word' id='word_1_285' title='bbox 664 2121 689 2146; x_wconf 75' lang='lat' dir='ltr'>et</span> <span class='ocrx_word' id='word_1_286' title='bbox 709 2121 739 2146; x_wconf 88' lang='lat' dir='ltr'>in</span> <span class='ocrx_word' id='word_1_287' title='bbox 762 2120 976 2148; x_wconf 71' lang='lat' dir='ltr'>contradictione</span> 
     </span>
     <span class='ocr_line' id='line_1_42' title="bbox 195 2163 976 2201; baseline 0.005 -11"><span class='ocrx_word' id='word_1_288' title='bbox 195 2163 259 2190; x_wconf 76' lang='lat' dir='ltr'>Coro</span> <span class='ocrx_word' id='word_1_289' title='bbox 270 2166 422 2198; x_wconf 79' lang='lat' dir='ltr'>perierunt.</span> <span class='ocrx_word' id='word_1_290' title='bbox 443 2166 476 2192; x_wconf 90' lang='lat' dir='ltr'>Et</span> <span class='ocrx_word' id='word_1_291' title='bbox 495 2167 560 2200; x_wconf 90' lang='lat' dir='ltr'>post</span> <span class='ocrx_word' id='word_1_292' title='bbox 580 2173 677 2201; x_wconf 86' lang='lat' dir='ltr'>pauca</span> <span class='ocrx_word' id='word_1_293' title='bbox 696 2166 830 2201; x_wconf 88' lang='lat' dir='ltr'>sequitur</span> <span class='ocrx_word' id='word_1_294' title='bbox 847 2176 853 2194; x_wconf 91' lang='lat'>:</span> <span class='ocrx_word' id='word_1_295' title='bbox 874 2167 976 2200; x_wconf 83' lang='lat' dir='ltr'>Quibus</span> 
     </span>
     <span class='ocr_line' id='line_1_43' title="bbox 192 2211 975 2248; baseline 0.006 -12"><span class='ocrx_word' id='word_1_296' title='bbox 192 2211 309 2244; x_wconf 81' lang='lat' dir='ltr'>procella</span> <span class='ocrx_word' id='word_1_297' title='bbox 325 2211 492 2238; x_wconf 79' lang='lat' dir='ltr'>tenebrarum</span> <span class='ocrx_word' id='word_1_298' title='bbox 505 2215 613 2239; x_wconf 82' lang='lat' dir='ltr'>servata</span> <span class='ocrx_word' id='word_1_299' title='bbox 630 2215 669 2240; x_wconf 83' lang='lat' dir='ltr'>cst</span> <span class='ocrx_word' id='word_1_300' title='bbox 685 2214 715 2239; x_wconf 88' lang='lat' dir='ltr'>in</span> <span class='ocrx_word' id='word_1_301' title='bbox 736 2215 875 2241; x_wconf 79' lang='lat' dir='ltr'>oeternum.</span> <span class='ocrx_word' id='word_1_302' title='bbox 891 2215 975 2248; x_wconf 88' lang='lat' dir='ltr'>Nota,</span> 
     </span>
     <span class='ocr_line' id='line_1_44' title="bbox 194 2256 976 2295; baseline 0.006 -12"><span class='ocrx_word' id='word_1_303' title='bbox 194 2256 278 2293; x_wconf 89' lang='lat' dir='ltr'>quod</span> <span class='ocrx_word' id='word_1_304' title='bbox 293 2256 373 2292; x_wconf 84' lang='lat' dir='ltr'>dicit,</span> <span class='ocrx_word' id='word_1_305' title='bbox 389 2259 418 2285; x_wconf 87' lang='lat' dir='ltr'>in</span> <span class='ocrx_word' id='word_1_306' title='bbox 433 2261 582 2294; x_wconf 82' lang='lat' dir='ltr'>oeternum3</span> <span class='ocrx_word' id='word_1_307' title='bbox 599 2261 626 2286; x_wconf 92' lang='lat' dir='ltr'>ct</span> <span class='ocrx_word' id='word_1_308' title='bbox 640 2267 732 2294; x_wconf 87' lang='lat' dir='ltr'>pensa</span> <span class='ocrx_word' id='word_1_309' title='bbox 747 2262 859 2295; x_wconf 85' lang='lat' dir='ltr'>quanta</span> <span class='ocrx_word' id='word_1_310' title='bbox 873 2260 908 2288; x_wconf 85' lang='lat' dir='ltr'>sit</span> <span class='ocrx_word' id='word_1_311' title='bbox 924 2260 976 2288; x_wconf 83' lang='lat' dir='ltr'>illa</span> 
     </span>
     <span class='ocr_line' id='line_1_45' title="bbox 192 2305 975 2343; baseline 0.005 -12"><span class='ocrx_word' id='word_1_312' title='bbox 192 2312 349 2340; x_wconf 86' lang='lat' dir='ltr'>poenarum</span> <span class='ocrx_word' id='word_1_313' title='bbox 368 2306 395 2332; x_wconf 91' lang='lat' dir='ltr'>et</span> <span class='ocrx_word' id='word_1_314' title='bbox 409 2305 599 2333; x_wconf 87' lang='lat' dir='ltr'>tenebrarum</span> <span class='ocrx_word' id='word_1_315' title='bbox 616 2306 784 2342; x_wconf 81' lang='lat' dir='ltr'>longitudo,</span> <span class='ocrx_word' id='word_1_316' title='bbox 803 2315 869 2343; x_wconf 69' lang='lat' dir='ltr'>quce</span> <span class='ocrx_word' id='word_1_317' title='bbox 883 2308 975 2336; x_wconf 88' lang='lat' dir='ltr'>finem</span> 
     </span>
     <span class='ocr_line' id='line_1_46' title="bbox 192 2351 974 2390; baseline 0.005 -12"><span class='ocrx_word' id='word_1_318' title='bbox 192 2359 254 2379; x_wconf 90' lang='lat' dir='ltr'>non</span> <span class='ocrx_word' id='word_1_319' title='bbox 269 2351 375 2387; x_wconf 73' lang='lat' dir='ltr'>accipit</span> <span class='ocrx_word' id='word_1_320' title='bbox 389 2352 419 2378; x_wconf 90' lang='lat' dir='ltr'>in</span> <span class='ocrx_word' id='word_1_321' title='bbox 434 2353 587 2380; x_wconf 67' lang='lat' dir='ltr'>aeternum.</span> <span class='ocrx_word' id='word_1_322' title='bbox 603 2353 624 2381; x_wconf 91' lang='grc' dir='ltr'><strong>Ο</strong></span> <span class='ocrx_word' id='word_1_323' title='bbox 639 2361 731 2389; x_wconf 84' lang='lat' dir='ltr'>quam</span> <span class='ocrx_word' id='word_1_324' title='bbox 746 2354 918 2390; x_wconf 88' lang='lat' dir='ltr'>longissime</span> <span class='ocrx_word' id='word_1_325' title='bbox 936 2355 974 2382; x_wconf 82' lang='lat' dir='ltr'>al)</span> 
     </span>
     <span class='ocr_line' id='line_1_47' title="bbox 192 2398 976 2437; baseline 0.005 -12"><span class='ocrx_word' id='word_1_326' title='bbox 192 2398 246 2426; x_wconf 88' lang='lat' dir='ltr'>isto</span> <span class='ocrx_word' id='word_1_327' title='bbox 261 2398 437 2434; x_wconf 84' lang='lat' dir='ltr'>longissimo</span> <span class='ocrx_word' id='word_1_328' title='bbox 457 2399 598 2434; x_wconf 68' lang='lat' dir='ltr'>gehennae</span> <span class='ocrx_word' id='word_1_329' title='bbox 618 2408 661 2427; x_wconf 79' lang='lat' dir='ltr'>vae</span> <span class='ocrx_word' id='word_1_330' title='bbox 674 2401 729 2428; x_wconf 79' lang='lat' dir='ltr'>fuit</span> <span class='ocrx_word' id='word_1_331' title='bbox 743 2401 901 2437; x_wconf 84' lang='lat' dir='ltr'>longitudo</span> <span class='ocrx_word' id='word_1_332' title='bbox 912 2402 976 2437; x_wconf 86' lang='lat' dir='ltr'>glo-</span> 
     </span>
     <span class='ocr_line' id='line_1_48' title="bbox 193 2446 975 2481; baseline 0.005 -8"><span class='ocrx_word' id='word_1_333' title='bbox 193 2446 242 2473; x_wconf 71' lang='lat' dir='ltr'>riee</span> <span class='ocrx_word' id='word_1_334' title='bbox 257 2446 362 2481; x_wconf 76' lang='lat' dir='ltr'>Marice,</span> <span class='ocrx_word' id='word_1_335' title='bbox 379 2446 426 2473; x_wconf 81' lang='lat' dir='ltr'>cui</span> <span class='ocrx_word' id='word_1_336' title='bbox 443 2448 545 2474; x_wconf 82' lang='lat' dir='ltr'>contra</span> <span class='ocrx_word' id='word_1_337' title='bbox 560 2449 682 2475; x_wconf 65' lang='lat' dir='ltr'>{eternas</span> <span class='ocrx_word' id='word_1_338' title='bbox 696 2449 832 2476; x_wconf 82' lang='lat' dir='ltr'>tenebras</span> <span class='ocrx_word' id='word_1_339' title='bbox 847 2449 877 2476; x_wconf 94' lang='lat' dir='ltr'>in</span> <span class='ocrx_word' id='word_1_340' title='bbox 889 2449 975 2477; x_wconf 84' lang='lat' dir='ltr'>infer-</span> 
     </span>
     <span class='ocr_line' id='line_1_49' title="bbox 193 2493 975 2530; baseline 0.004 -9"><span class='ocrx_word' id='word_1_341' title='bbox 193 2501 243 2528; x_wconf 89' lang='lat' dir='ltr'>no,</span> <span class='ocrx_word' id='word_1_342' title='bbox 259 2494 322 2529; x_wconf 90' lang='lat' dir='ltr'>jam</span> <span class='ocrx_word' id='word_1_343' title='bbox 338 2493 479 2521; x_wconf 81' lang='lat' dir='ltr'>Dominus</span> <span class='ocrx_word' id='word_1_344' title='bbox 493 2497 712 2530; x_wconf 57' lang='lat' dir='ltr'>praeparaverat</span> <span class='ocrx_word' id='word_1_345' title='bbox 728 2497 867 2524; x_wconf 59' lang='lat' dir='ltr'>{eternam</span> <span class='ocrx_word' id='word_1_346' title='bbox 877 2496 975 2524; x_wconf 84' lang='lat' dir='ltr'>lucem</span> 
     </span>
    </p>
   </div>
   <div class='ocr_carea' id='block_1_3' title="bbox 194 2579 974 2717">
    <p class='ocr_par' dir='ltr' id='par_1_3' title="bbox 194 2579 974 2717">
     <span class='ocr_line' id='line_1_50' title="bbox 226 2579 973 2612; baseline 0.007 -9"><span class='ocrx_word' id='word_1_347' title='bbox 226 2579 232 2595; x_wconf 84' lang='lat'>¹</span> <span class='ocrx_word' id='word_1_348' title='bbox 249 2580 335 2610; x_wconf 83' lang='lat' dir='ltr'>Bern.,</span> <span class='ocrx_word' id='word_1_349' title='bbox 353 2580 377 2603; x_wconf 86' lang='lat' dir='ltr'>in</span> <span class='ocrx_word' id='word_1_350' title='bbox 396 2580 524 2610; x_wconf 68' lang='lat' dir='ltr'>Assumpt.</span> <span class='ocrx_word' id='word_1_351' title='bbox 546 2579 575 2603; x_wconf 80' lang='lat' dir='ltr'>B.</span> <span class='ocrx_word' id='word_1_352' title='bbox 596 2580 674 2609; x_wconf 79' lang='lat' dir='ltr'>Mnr.,</span> <span class='ocrx_word' id='word_1_353' title='bbox 696 2588 772 2605; x_wconf 80' lang='lat' dir='ltr'>serni.</span> <span class='ocrx_word' id='word_1_354' title='bbox 792 2587 813 2611; x_wconf 85' lang='lat'>1,</span> <span class='ocrx_word' id='word_1_355' title='bbox 835 2589 915 2612; x_wconf 77' lang='lat' dir='ltr'>prope</span> <span class='ocrx_word' id='word_1_356' title='bbox 931 2584 973 2608; x_wconf 84' lang='lat' dir='ltr'>tin.</span> 
     </span>
     <span class='ocr_line' id='line_1_51' title="bbox 194 2615 974 2647; baseline 0.005 -9"><span class='ocrx_word' id='word_1_357' title='bbox 194 2628 224 2632; x_wconf 90' lang='lat'><strong>—</strong></span> <span class='ocrx_word' id='word_1_358' title='bbox 242 2615 251 2629; x_wconf 84' lang='lat'><strong>²</strong></span> <span class='ocrx_word' id='word_1_359' title='bbox 270 2616 330 2646; x_wconf 61' lang='lat' dir='ltr'>Ira„</span> <span class='ocrx_word' id='word_1_360' title='bbox 349 2621 394 2645; x_wconf 75' lang='lat'>111,</span> <span class='ocrx_word' id='word_1_361' title='bbox 416 2617 438 2639; x_wconf 88' lang='grc'>9.</span> <span class='ocrx_word' id='word_1_362' title='bbox 455 2630 485 2633; x_wconf 93' lang='grc'>-</span> <span class='ocrx_word' id='word_1_363' title='bbox 503 2616 513 2632; x_wconf 82' lang='lat'>³</span> <span class='ocrx_word' id='word_1_364' title='bbox 529 2616 614 2646; x_wconf 60' lang='lat' dir='ltr'>Pron„</span> <span class='ocrx_word' id='word_1_365' title='bbox 636 2621 712 2645; x_wconf 72' lang='lat' dir='ltr'>xxxt,</span> <span class='ocrx_word' id='word_1_366' title='bbox 729 2618 767 2640; x_wconf 65' lang='lat'>20.</span> <span class='ocrx_word' id='word_1_367' title='bbox 783 2631 813 2634; x_wconf 97' lang='lat'><strong>—</strong></span> <span class='ocrx_word' id='word_1_368' title='bbox 831 2617 974 2647; x_wconf 59' lang='lat' dir='ltr'>⁴11i03ron„</span> 
     </span>
     <span class='ocr_line' id='line_1_52' title="bbox 194 2651 973 2682; baseline 0.004 -8"><span class='ocrx_word' id='word_1_369' title='bbox 194 2651 243 2675; x_wconf 81' lang='lat' dir='ltr'>loc.</span> <span class='ocrx_word' id='word_1_370' title='bbox 267 2651 320 2682; x_wconf 79' lang='lat' dir='ltr'>jam</span> <span class='ocrx_word' id='word_1_371' title='bbox 344 2651 436 2682; x_wconf 84' lang='lat' dir='ltr'>pluries</span> <span class='ocrx_word' id='word_1_372' title='bbox 457 2652 499 2675; x_wconf 85' lang='lat' dir='ltr'>cit.</span> <span class='ocrx_word' id='word_1_373' title='bbox 522 2664 551 2669; x_wconf 90' lang='lat'>—</span> <span class='ocrx_word' id='word_1_374' title='bbox 575 2652 585 2668; x_wconf 61' lang='grc' dir='ltr'>ὅ</span> <span class='ocrx_word' id='word_1_375' title='bbox 608 2652 676 2682; x_wconf 68' lang='lat' dir='ltr'>Jutl.⁷</span> <span class='ocrx_word' id='word_1_376' title='bbox 699 2655 736 2682; x_wconf 81' lang='lat' dir='ltr'>tt,</span> <span class='ocrx_word' id='word_1_377' title='bbox 757 2653 793 2676; x_wconf 85' lang='grc'>13.</span> <span class='ocrx_word' id='word_1_378' title='bbox 819 2667 847 2671; x_wconf 92' lang='lat'>—</span> <span class='ocrx_word' id='word_1_379' title='bbox 872 2655 882 2668; x_wconf 69' lang='lat'>‘⁴</span> <span class='ocrx_word' id='word_1_380' title='bbox 904 2655 973 2678; x_wconf 75' lang='lat' dir='ltr'>Psal.</span> 
     </span>
     <span class='ocr_line' id='line_1_53' title="bbox 196 2688 620 2717; baseline 0.002 -8"><span class='ocrx_word' id='word_1_381' title='bbox 196 2689 426 2715; x_wconf 78' lang='lat' dir='ltr'>Lxxxv111,38.—-</span> <span class='ocrx_word' id='word_1_382' title='bbox 439 2688 449 2704; x_wconf 90' lang='lat'><em>7</em></span> <span class='ocrx_word' id='word_1_383' title='bbox 464 2688 532 2717; x_wconf 66' lang='lat' dir='ltr'>Luc„</span> <span class='ocrx_word' id='word_1_384' title='bbox 549 2693 566 2717; x_wconf 80' lang='lat' dir='ltr'>i,</span> <span class='ocrx_word' id='word_1_385' title='bbox 583 2688 620 2711; x_wconf 72' lang='lat'>27.</span> 
     </span>
    </p>
   </div>
   <div class='ocr_carea' id='block_1_4' title="bbox 1752 212 1810 241">
    <p class='ocr_par' dir='ltr' id='par_1_4' title="bbox 1752 212 1810 241">
     <span class='ocr_line' id='line_1_54' title="bbox 1752 212 1810 241; baseline 0 0"><span class='ocrx_word' id='word_1_386' title='bbox 1752 212 1810 241; x_wconf 75' lang='lat'>237</span> 
     </span>
    </p>
   </div>
   <div class='ocr_carea' id='block_1_5' title="bbox 1021 273 1814 782">
    <p class='ocr_par' dir='ltr' id='par_1_5' title="bbox 1021 273 1814 782">
     <span class='ocr_line' id='line_1_55' title="bbox 1021 273 1811 312; baseline 0.005 -10"><span class='ocrx_word' id='word_1_387' title='bbox 1021 273 1052 301; x_wconf 91' lang='lat' dir='ltr'>in</span> <span class='ocrx_word' id='word_1_388' title='bbox 1065 274 1153 310; x_wconf 88' lang='lat' dir='ltr'>coelo,</span> <span class='ocrx_word' id='word_1_389' title='bbox 1171 276 1203 303; x_wconf 83' lang='lat' dir='ltr'>ut</span> <span class='ocrx_word' id='word_1_390' title='bbox 1219 275 1293 304; x_wconf 86' lang='lat' dir='ltr'>sicut</span> <span class='ocrx_word' id='word_1_391' title='bbox 1307 275 1408 304; x_wconf 82' lang='lat' dir='ltr'>anima</span> <span class='ocrx_word' id='word_1_392' title='bbox 1425 275 1574 312; x_wconf 82' lang='lat' dir='ltr'>peccatrix</span> <span class='ocrx_word' id='word_1_393' title='bbox 1590 276 1676 305; x_wconf 82' lang='lat' dir='ltr'>sedes</span> <span class='ocrx_word' id='word_1_394' title='bbox 1695 277 1811 306; x_wconf 89' lang='lat' dir='ltr'>diaboli</span> 
     </span>
     <span class='ocr_line' id='line_1_56' title="bbox 1023 321 1811 358; baseline 0.004 -9"><span class='ocrx_word' id='word_1_395' title='bbox 1023 322 1065 349; x_wconf 90' lang='lat' dir='ltr'>est</span> <span class='ocrx_word' id='word_1_396' title='bbox 1077 321 1253 351; x_wconf 88' lang='lat' dir='ltr'>mirabiliter</span> <span class='ocrx_word' id='word_1_397' title='bbox 1271 323 1430 352; x_wconf 87' lang='lat' dir='ltr'>tenebrosa</span> <span class='ocrx_word' id='word_1_398' title='bbox 1448 322 1479 351; x_wconf 91' lang='lat' dir='ltr'>in</span> <span class='ocrx_word' id='word_1_399' title='bbox 1496 324 1650 358; x_wconf 72' lang='lat' dir='ltr'>aeternum,</span> <span class='ocrx_word' id='word_1_400' title='bbox 1666 323 1706 352; x_wconf 89' lang='lat' dir='ltr'>ita</span> <span class='ocrx_word' id='word_1_401' title='bbox 1721 324 1811 353; x_wconf 81' lang='lat' dir='ltr'>Maria</span> 
     </span>
     <span class='ocr_line' id='line_1_57' title="bbox 1023 368 1813 400; baseline 0.005 -5"><span class='ocrx_word' id='word_1_402' title='bbox 1023 368 1181 396; x_wconf 81' lang='lat' dir='ltr'>mediatrix</span> <span class='ocrx_word' id='word_1_403' title='bbox 1194 369 1280 397; x_wconf 88' lang='lat' dir='ltr'>sedes</span> <span class='ocrx_word' id='word_1_404' title='bbox 1292 369 1396 398; x_wconf 84' lang='lat' dir='ltr'>Christi</span> <span class='ocrx_word' id='word_1_405' title='bbox 1409 369 1586 398; x_wconf 84' lang='lat' dir='ltr'>mirabiliter</span> <span class='ocrx_word' id='word_1_406' title='bbox 1600 370 1752 399; x_wconf 89' lang='lat' dir='ltr'>luminosa</span> <span class='ocrx_word' id='word_1_407' title='bbox 1769 373 1813 400; x_wconf 81' lang='lat' dir='ltr'>est</span> 
     </span>
     <span class='ocr_line' id='line_1_58' title="bbox 1023 415 1812 455; baseline 0.005 -12"><span class='ocrx_word' id='word_1_408' title='bbox 1023 415 1054 443; x_wconf 93' lang='lat' dir='ltr'>in</span> <span class='ocrx_word' id='word_1_409' title='bbox 1068 418 1223 452; x_wconf 84' lang='lat' dir='ltr'>aeternum,</span> <span class='ocrx_word' id='word_1_410' title='bbox 1241 418 1326 454; x_wconf 83' lang='lat' dir='ltr'>juxta</span> <span class='ocrx_word' id='word_1_411' title='bbox 1340 418 1416 446; x_wconf 91' lang='lat' dir='ltr'>illud</span> <span class='ocrx_word' id='word_1_412' title='bbox 1433 418 1540 447; x_wconf 78' lang='lat' dir='ltr'>Psalmi</span> <span class='ocrx_word' id='word_1_413' title='bbox 1555 417 1566 434; x_wconf 60' lang='grc' dir='ltr'>Θ</span> <span class='ocrx_word' id='word_1_414' title='bbox 1588 427 1595 446; x_wconf 90' lang='lat'>:</span> <span class='ocrx_word' id='word_1_415' title='bbox 1619 419 1741 447; x_wconf 80' lang='lat' dir='ltr'>Thronus</span> <span class='ocrx_word' id='word_1_416' title='bbox 1756 420 1812 455; x_wconf 86' lang='lat' dir='ltr'>ejus</span> 
     </span>
     <span class='ocr_line' id='line_1_59' title="bbox 1023 463 1812 502; baseline 0.005 -12"><span class='ocrx_word' id='word_1_417' title='bbox 1023 463 1095 491; x_wconf 82' lang='lat' dir='ltr'>siout</span> <span class='ocrx_word' id='word_1_418' title='bbox 1109 465 1149 491; x_wconf 88' lang='lat' dir='ltr'>sol</span> <span class='ocrx_word' id='word_1_419' title='bbox 1161 466 1191 491; x_wconf 89' lang='lat' dir='ltr'>in</span> <span class='ocrx_word' id='word_1_420' title='bbox 1206 467 1346 500; x_wconf 81' lang='lat' dir='ltr'>conspectu</span> <span class='ocrx_word' id='word_1_421' title='bbox 1360 473 1428 501; x_wconf 86' lang='lat' dir='ltr'>meo,</span> <span class='ocrx_word' id='word_1_422' title='bbox 1440 468 1464 494; x_wconf 78' lang='lat' dir='ltr'>et</span> <span class='ocrx_word' id='word_1_423' title='bbox 1480 467 1550 494; x_wconf 83' lang='lat' dir='ltr'>sicut</span> <span class='ocrx_word' id='word_1_424' title='bbox 1566 467 1632 494; x_wconf 81' lang='lat' dir='ltr'>luna</span> <span class='ocrx_word' id='word_1_425' title='bbox 1643 467 1768 502; x_wconf 76' lang='lat' dir='ltr'>perfecta</span> <span class='ocrx_word' id='word_1_426' title='bbox 1781 468 1812 494; x_wconf 84' lang='lat' dir='ltr'>in</span> 
     </span>
     <span class='ocr_line' id='line_1_60' title="bbox 1024 511 1812 549; baseline 0.006 -12"><span class='ocrx_word' id='word_1_427' title='bbox 1024 512 1171 538; x_wconf 83' lang='lat' dir='ltr'>oeternum!</span> <span class='ocrx_word' id='word_1_428' title='bbox 1187 511 1232 539; x_wconf 86' lang='lat' dir='ltr'>Sic</span> <span class='ocrx_word' id='word_1_429' title='bbox 1248 519 1320 547; x_wconf 84' lang='lat' dir='ltr'>ergo</span> <span class='ocrx_word' id='word_1_430' title='bbox 1334 512 1506 541; x_wconf 84' lang='lat' dir='ltr'>beatissima</span> <span class='ocrx_word' id='word_1_431' title='bbox 1517 513 1605 549; x_wconf 88' lang='lat' dir='ltr'>Virgo</span> <span class='ocrx_word' id='word_1_432' title='bbox 1621 513 1710 542; x_wconf 87' lang='lat' dir='ltr'>Maria</span> <span class='ocrx_word' id='word_1_433' title='bbox 1722 513 1812 549; x_wconf 88' lang='lat' dir='ltr'>longe</span> 
     </span>
     <span class='ocr_line' id='line_1_61' title="bbox 1023 557 1814 597; baseline 0.005 -12"><span class='ocrx_word' id='word_1_434' title='bbox 1023 557 1077 585; x_wconf 87' lang='lat' dir='ltr'>fuit</span> <span class='ocrx_word' id='word_1_435' title='bbox 1099 565 1117 585; x_wconf 87' lang='lat' dir='ltr'>a</span> <span class='ocrx_word' id='word_1_436' title='bbox 1140 557 1247 594; x_wconf 85' lang='lat' dir='ltr'>triplici</span> <span class='ocrx_word' id='word_1_437' title='bbox 1271 567 1316 587; x_wconf 67' lang='lat' dir='ltr'>vce</span> <span class='ocrx_word' id='word_1_438' title='bbox 1337 560 1499 596; x_wconf 83' lang='lat' dir='ltr'>gehennae;</span> <span class='ocrx_word' id='word_1_439' title='bbox 1520 560 1582 589; x_wconf 91' lang='lat' dir='ltr'>imo</span> <span class='ocrx_word' id='word_1_440' title='bbox 1607 560 1698 597; x_wconf 86' lang='lat' dir='ltr'>longe</span> <span class='ocrx_word' id='word_1_441' title='bbox 1718 560 1773 589; x_wconf 92' lang='lat' dir='ltr'>fuit</span> <span class='ocrx_word' id='word_1_442' title='bbox 1796 569 1814 589; x_wconf 88' lang='lat' dir='ltr'>a</span> 
     </span>
     <span class='ocr_line' id='line_1_62' title="bbox 1023 604 1813 641; baseline 0.005 -9"><span class='ocrx_word' id='word_1_443' title='bbox 1023 604 1171 640; x_wconf 76' lang='lat' dir='ltr'>praedictis</span> <span class='ocrx_word' id='word_1_444' title='bbox 1186 613 1296 634; x_wconf 85' lang='lat' dir='ltr'>novem</span> <span class='ocrx_word' id='word_1_445' title='bbox 1313 614 1359 634; x_wconf 81' lang='lat' dir='ltr'>vae</span> <span class='ocrx_word' id='word_1_446' title='bbox 1378 628 1388 641; x_wconf 91' lang='lat'>,</span> <span class='ocrx_word' id='word_1_447' title='bbox 1404 608 1432 635; x_wconf 87' lang='lat' dir='ltr'>et</span> <span class='ocrx_word' id='word_1_448' title='bbox 1451 607 1520 636; x_wconf 92' lang='lat' dir='ltr'>ideo</span> <span class='ocrx_word' id='word_1_449' title='bbox 1535 608 1641 636; x_wconf 89' lang='lat' dir='ltr'>merito</span> <span class='ocrx_word' id='word_1_450' title='bbox 1657 608 1683 636; x_wconf 94' lang='lat' dir='ltr'>ei</span> <span class='ocrx_word' id='word_1_451' title='bbox 1700 608 1813 636; x_wconf 87' lang='lat' dir='ltr'>dictum</span> 
     </span>
     <span class='ocr_line' id='line_1_63' title="bbox 1025 652 1814 690; baseline 0.006 -11"><span class='ocrx_word' id='word_1_452' title='bbox 1025 653 1068 680; x_wconf 87' lang='lat' dir='ltr'>est</span> <span class='ocrx_word' id='word_1_453' title='bbox 1084 661 1091 679; x_wconf 91' lang='lat'>:</span> <span class='ocrx_word' id='word_1_454' title='bbox 1108 652 1176 680; x_wconf 83' lang='lat' dir='ltr'>Ave.</span> <span class='ocrx_word' id='word_1_455' title='bbox 1196 654 1254 681; x_wconf 92' lang='lat' dir='ltr'>Nos</span> <span class='ocrx_word' id='word_1_456' title='bbox 1277 661 1359 688; x_wconf 76' lang='lat' dir='ltr'>ergo,</span> <span class='ocrx_word' id='word_1_457' title='bbox 1375 653 1551 690; x_wconf 84' lang='lat' dir='ltr'>charissimi,</span> <span class='ocrx_word' id='word_1_458' title='bbox 1571 663 1676 683; x_wconf 91' lang='lat' dir='ltr'>omnes</span> <span class='ocrx_word' id='word_1_459' title='bbox 1691 655 1717 683; x_wconf 91' lang='lat' dir='ltr'>ei</span> <span class='ocrx_word' id='word_1_460' title='bbox 1733 655 1814 684; x_wconf 87' lang='lat' dir='ltr'>dica-</span> 
     </span>
     <span class='ocr_line' id='line_1_64' title="bbox 1024 704 1814 739; baseline 0.006 -13"><span class='ocrx_word' id='word_1_461' title='bbox 1024 707 1092 727; x_wconf 88' lang='lat' dir='ltr'>mus</span> <span class='ocrx_word' id='word_1_462' title='bbox 1111 708 1169 734; x_wconf 79' lang='lat' dir='ltr'>ave,</span> <span class='ocrx_word' id='word_1_463' title='bbox 1192 708 1357 737; x_wconf 85' lang='lat' dir='ltr'>omnesque</span> <span class='ocrx_word' id='word_1_464' title='bbox 1377 709 1508 737; x_wconf 89' lang='lat' dir='ltr'>oremus,</span> <span class='ocrx_word' id='word_1_465' title='bbox 1528 704 1559 730; x_wconf 92' lang='lat' dir='ltr'>ut</span> <span class='ocrx_word' id='word_1_466' title='bbox 1581 704 1704 739; x_wconf 89' lang='lat' dir='ltr'>propter</span> <span class='ocrx_word' id='word_1_467' title='bbox 1724 711 1814 731; x_wconf 83' lang='lat' dir='ltr'>suum</span> 
     </span>
     <span class='ocr_line' id='line_1_65' title="bbox 1026 746 1811 782; baseline 0.005 -8"><span class='ocrx_word' id='word_1_468' title='bbox 1026 746 1235 775; x_wconf 83' lang='lat' dir='ltr'>dulcissimum</span> <span class='ocrx_word' id='word_1_469' title='bbox 1249 756 1315 782; x_wconf 87' lang='lat' dir='ltr'>ave,</span> <span class='ocrx_word' id='word_1_470' title='bbox 1327 756 1381 776; x_wconf 86' lang='lat' dir='ltr'>nos</span> <span class='ocrx_word' id='word_1_471' title='bbox 1394 750 1458 777; x_wconf 92' lang='lat' dir='ltr'>oret</span> <span class='ocrx_word' id='word_1_472' title='bbox 1472 748 1594 777; x_wconf 87' lang='lat' dir='ltr'>liberari</span> <span class='ocrx_word' id='word_1_473' title='bbox 1609 749 1647 777; x_wconf 92' lang='lat' dir='ltr'>ab</span> <span class='ocrx_word' id='word_1_474' title='bbox 1665 750 1747 778; x_wconf 90' lang='lat' dir='ltr'>omni</span> <span class='ocrx_word' id='word_1_475' title='bbox 1758 758 1811 778; x_wconf 82' lang='lat' dir='ltr'>vae.</span> 
     </span>
    </p>
   </div>
   <div class='ocr_carea' id='block_1_6' title="bbox 1025 795 1813 869">
    <p class='ocr_par' dir='ltr' id='par_1_6' title="bbox 1025 795 1813 869">
     <span class='ocr_line' id='line_1_66' title="bbox 1025 795 1813 825; baseline 0.004 -3"><span class='ocrx_word' id='word_1_476' title='bbox 1025 795 1079 822; x_wconf 85' lang='lat' dir='ltr'>Per</span> <span class='ocrx_word' id='word_1_477' title='bbox 1093 795 1252 823; x_wconf 76' lang='lat' dir='ltr'>DomInum</span> <span class='ocrx_word' id='word_1_478' title='bbox 1273 797 1408 824; x_wconf 89' lang='lat' dir='ltr'>nostrum</span> <span class='ocrx_word' id='word_1_479' title='bbox 1428 797 1529 824; x_wconf 84' lang='lat' dir='ltr'>Jesum</span> <span class='ocrx_word' id='word_1_480' title='bbox 1547 796 1695 825; x_wconf 86' lang='lat' dir='ltr'>Christum</span> <span class='ocrx_word' id='word_1_481' title='bbox 1716 797 1813 825; x_wconf 92' lang='lat' dir='ltr'>filium</span> 
     </span>
     <span class='ocr_line' id='line_1_67' title="bbox 1026 849 1124 869; baseline 0.01 -1"><span class='ocrx_word' id='word_1_482' title='bbox 1026 849 1124 869; x_wconf 88' lang='lat' dir='ltr'>suum.</span> 
     </span>
    </p>
   </div>
   <div class='ocr_carea' id='block_1_7' title="bbox 1312 930 1526 960">
    <p class='ocr_par' dir='ltr' id='par_1_7' title="bbox 1312 930 1526 960">
     <span class='ocr_line' id='line_1_68' title="bbox 1312 930 1526 960; baseline 0.005 -1"><span class='ocrx_word' id='word_1_483' title='bbox 1312 930 1450 960; x_wconf 86' lang='lat' dir='ltr'>LECTIO</span> <span class='ocrx_word' id='word_1_484' title='bbox 1475 931 1526 960; x_wconf 83' lang='lat'><em>111.</em></span> 
     </span>
    </p>
   </div>
   <div class='ocr_carea' id='block_1_8' title="bbox 1026 1006 1813 1123">
    <p class='ocr_par' dir='ltr' id='par_1_8' title="bbox 1026 1006 1813 1123">
     <span class='ocr_line' id='line_1_69' title="bbox 1026 1006 1813 1045; baseline 0.008 -13"><span class='ocrx_word' id='word_1_485' title='bbox 1026 1006 1064 1033; x_wconf 90' lang='lat' dir='ltr'>De</span> <span class='ocrx_word' id='word_1_486' title='bbox 1086 1007 1332 1040; x_wconf 69' lang='lat' dir='ltr'>siqnisicationibus</span> <span class='ocrx_word' id='word_1_487' title='bbox 1354 1010 1472 1036; x_wconf 82' lang='lat' dir='ltr'>nominis</span> <span class='ocrx_word' id='word_1_488' title='bbox 1494 1010 1612 1043; x_wconf 76' lang='lat' dir='ltr'>Maria,-</span> <span class='ocrx_word' id='word_1_489' title='bbox 1635 1011 1660 1037; x_wconf 83' lang='lat' dir='ltr'>et</span> <span class='ocrx_word' id='word_1_490' title='bbox 1682 1011 1755 1045; x_wconf 78' lang='lat' dir='ltr'>quod</span> <span class='ocrx_word' id='word_1_491' title='bbox 1780 1011 1813 1038; x_wconf 89' lang='grc' dir='ltr'>Β.</span> 
     </span>
     <span class='ocr_line' id='line_1_70' title="bbox 1067 1049 1813 1088; baseline 0.007 -12"><span class='ocrx_word' id='word_1_492' title='bbox 1067 1049 1149 1083; x_wconf 73' lang='lat' dir='ltr'>Viryo</span> <span class='ocrx_word' id='word_1_493' title='bbox 1163 1058 1236 1077; x_wconf 84' lang='lat' dir='ltr'>mare</span> <span class='ocrx_word' id='word_1_494' title='bbox 1252 1059 1384 1085; x_wconf 80' lang='lat' dir='ltr'>amarum,</span> <span class='ocrx_word' id='word_1_495' title='bbox 1406 1052 1486 1079; x_wconf 82' lang='lat' dir='ltr'>stella</span> <span class='ocrx_word' id='word_1_496' title='bbox 1500 1054 1596 1087; x_wconf 83' lang='lat' dir='ltr'>maris,</span> <span class='ocrx_word' id='word_1_497' title='bbox 1612 1053 1813 1088; x_wconf 72' lang='lat' dir='ltr'>illuminatrix,</span> 
     </span>
     <span class='ocr_line' id='line_1_71' title="bbox 1063 1093 1614 1123; baseline 0.007 -4"><span class='ocrx_word' id='word_1_498' title='bbox 1063 1094 1088 1119; x_wconf 89' lang='lat' dir='ltr'>et</span> <span class='ocrx_word' id='word_1_499' title='bbox 1102 1093 1219 1120; x_wconf 82' lang='lat' dir='ltr'>Domina</span> <span class='ocrx_word' id='word_1_500' title='bbox 1233 1095 1483 1122; x_wconf 79' lang='lat' dir='ltr'>convenientissime</span> <span class='ocrx_word' id='word_1_501' title='bbox 1498 1095 1614 1123; x_wconf 84' lang='lat' dir='ltr'>dicitur.</span> 
     </span>
    </p>
   </div>
   <div class='ocr_carea' id='block_1_9' title="bbox 1027 1175 1819 2630">
    <p class='ocr_par' dir='ltr' id='par_1_9' title="bbox 1027 1175 1818 2006">
     <span class='ocr_line' id='line_1_72' title="bbox 1065 1175 1815 1211; baseline 0.005 -10"><span class='ocrx_word' id='word_1_502' title='bbox 1065 1175 1133 1209; x_wconf 80' lang='lat' dir='ltr'>Ave,</span> <span class='ocrx_word' id='word_1_503' title='bbox 1153 1175 1256 1202; x_wconf 82' lang='lat' dir='ltr'>Maria.</span> <span class='ocrx_word' id='word_1_504' title='bbox 1274 1176 1334 1203; x_wconf 91' lang='lat' dir='ltr'>Hoc</span> <span class='ocrx_word' id='word_1_505' title='bbox 1347 1183 1470 1211; x_wconf 85' lang='lat' dir='ltr'>nomen,</span> <span class='ocrx_word' id='word_1_506' title='bbox 1488 1176 1564 1204; x_wconf 89' lang='lat' dir='ltr'>sicut</span> <span class='ocrx_word' id='word_1_507' title='bbox 1583 1176 1696 1204; x_wconf 84' lang='lat' dir='ltr'>dictum</span> <span class='ocrx_word' id='word_1_508' title='bbox 1711 1179 1753 1205; x_wconf 86' lang='lat' dir='ltr'>est</span> <span class='ocrx_word' id='word_1_509' title='bbox 1768 1185 1815 1205; x_wconf 87' lang='lat' dir='ltr'>su-</span> 
     </span>
     <span class='ocr_line' id='line_1_73' title="bbox 1027 1221 1815 1257; baseline 0.005 -9"><span class='ocrx_word' id='word_1_510' title='bbox 1027 1228 1092 1257; x_wconf 87' lang='lat' dir='ltr'>pra,</span> <span class='ocrx_word' id='word_1_511' title='bbox 1109 1229 1171 1249; x_wconf 92' lang='lat' dir='ltr'>non</span> <span class='ocrx_word' id='word_1_512' title='bbox 1193 1221 1328 1257; x_wconf 84' lang='lat' dir='ltr'>angelus,</span> <span class='ocrx_word' id='word_1_513' title='bbox 1350 1222 1402 1250; x_wconf 86' lang='lat' dir='ltr'>sed</span> <span class='ocrx_word' id='word_1_514' title='bbox 1424 1222 1545 1251; x_wconf 90' lang='lat' dir='ltr'>devotio</span> <span class='ocrx_word' id='word_1_515' title='bbox 1568 1223 1705 1252; x_wconf 86' lang='lat' dir='ltr'>fidelium</span> <span class='ocrx_word' id='word_1_516' title='bbox 1724 1224 1815 1252; x_wconf 88' lang='lat' dir='ltr'>inter-</span> 
     </span>
     <span class='ocr_line' id='line_1_74' title="bbox 1027 1268 1816 1307; baseline 0.005 -12"><span class='ocrx_word' id='word_1_517' title='bbox 1027 1268 1137 1303; x_wconf 84' lang='lat' dir='ltr'>posuit.</span> <span class='ocrx_word' id='word_1_518' title='bbox 1155 1269 1193 1296; x_wconf 91' lang='lat' dir='ltr'>De</span> <span class='ocrx_word' id='word_1_519' title='bbox 1207 1268 1266 1296; x_wconf 87' lang='lat' dir='ltr'>hoc</span> <span class='ocrx_word' id='word_1_520' title='bbox 1276 1268 1381 1297; x_wconf 83' lang='lat' dir='ltr'>beatus</span> <span class='ocrx_word' id='word_1_521' title='bbox 1394 1270 1582 1305; x_wconf 84' lang='lat' dir='ltr'>Evangelista</span> <span class='ocrx_word' id='word_1_522' title='bbox 1593 1272 1686 1299; x_wconf 84' lang='lat' dir='ltr'>Lucas</span> <span class='ocrx_word' id='word_1_523' title='bbox 1697 1271 1816 1307; x_wconf 88' lang='lat' dir='ltr'>signan-</span> 
     </span>
     <span class='ocr_line' id='line_1_75' title="bbox 1028 1314 1815 1352; baseline 0.008 -11"><span class='ocrx_word' id='word_1_524' title='bbox 1028 1315 1072 1342; x_wconf 88' lang='lat' dir='ltr'>ter</span> <span class='ocrx_word' id='word_1_525' title='bbox 1096 1315 1136 1343; x_wconf 82' lang='lat' dir='ltr'>ait</span> <span class='ocrx_word' id='word_1_526' title='bbox 1156 1314 1189 1342; x_wconf 91' lang='lat'>⁷:</span> <span class='ocrx_word' id='word_1_527' title='bbox 1216 1317 1319 1345; x_wconf 84' lang='lat' dir='ltr'>Nomen</span> <span class='ocrx_word' id='word_1_528' title='bbox 1346 1317 1472 1352; x_wconf 71' lang='lat' dir='ltr'>Virqinis</span> <span class='ocrx_word' id='word_1_529' title='bbox 1487 1318 1590 1346; x_wconf 75' lang='lat' dir='ltr'>Maria.</span> <span class='ocrx_word' id='word_1_530' title='bbox 1616 1319 1676 1346; x_wconf 89' lang='lat' dir='ltr'>Hoc</span> <span class='ocrx_word' id='word_1_531' title='bbox 1703 1327 1815 1347; x_wconf 88' lang='lat' dir='ltr'>nomen</span> 
     </span>
     <span class='ocr_line' id='line_1_76' title="bbox 1029 1362 1815 1400; baseline 0.006 -11"><span class='ocrx_word' id='word_1_532' title='bbox 1029 1362 1259 1397; x_wconf 76' lang='lat' dir='ltr'>sanctissimum,</span> <span class='ocrx_word' id='word_1_533' title='bbox 1276 1371 1387 1391; x_wconf 90' lang='lat' dir='ltr'>nomen</span> <span class='ocrx_word' id='word_1_534' title='bbox 1407 1364 1624 1400; x_wconf 87' lang='lat' dir='ltr'>dulcissimum,</span> <span class='ocrx_word' id='word_1_535' title='bbox 1641 1373 1752 1394; x_wconf 89' lang='lat' dir='ltr'>nomen</span> <span class='ocrx_word' id='word_1_536' title='bbox 1771 1366 1815 1393; x_wconf 88' lang='lat' dir='ltr'>di-</span> 
     </span>
     <span class='ocr_line' id='line_1_77' title="bbox 1030 1409 1814 1449; baseline 0.005 -12"><span class='ocrx_word' id='word_1_537' title='bbox 1030 1409 1217 1445; x_wconf 85' lang='lat' dir='ltr'>gnissimum,</span> <span class='ocrx_word' id='word_1_538' title='bbox 1240 1412 1302 1438; x_wconf 87' lang='lat' dir='ltr'>tam</span> <span class='ocrx_word' id='word_1_539' title='bbox 1324 1411 1525 1446; x_wconf 83' lang='lat' dir='ltr'>sanctissimae,</span> <span class='ocrx_word' id='word_1_540' title='bbox 1549 1413 1611 1440; x_wconf 81' lang='lat' dir='ltr'>tam</span> <span class='ocrx_word' id='word_1_541' title='bbox 1627 1412 1814 1449; x_wconf 75' lang='lat' dir='ltr'>dulcissimae,</span> 
     </span>
     <span class='ocr_line' id='line_1_78' title="bbox 1029 1457 1817 1494; baseline 0.005 -10"><span class='ocrx_word' id='word_1_542' title='bbox 1029 1458 1090 1484; x_wconf 83' lang='lat' dir='ltr'>tam</span> <span class='ocrx_word' id='word_1_543' title='bbox 1118 1457 1298 1492; x_wconf 66' lang='lat' dir='ltr'>dignissimae</span> <span class='ocrx_word' id='word_1_544' title='bbox 1325 1458 1438 1494; x_wconf 81' lang='lat' dir='ltr'>Virgini</span> <span class='ocrx_word' id='word_1_545' title='bbox 1467 1460 1746 1488; x_wconf 85' lang='lat' dir='ltr'>convenientissime</span> <span class='ocrx_word' id='word_1_546' title='bbox 1774 1462 1817 1488; x_wconf 80' lang='lat' dir='ltr'>est</span> 
     </span>
     <span class='ocr_line' id='line_1_79' title="bbox 1029 1503 1816 1542; baseline 0.005 -11"><span class='ocrx_word' id='word_1_547' title='bbox 1029 1503 1212 1540; x_wconf 86' lang='lat' dir='ltr'>impositum.</span> <span class='ocrx_word' id='word_1_548' title='bbox 1233 1506 1327 1533; x_wconf 79' lang='lat' dir='ltr'>Maria</span> <span class='ocrx_word' id='word_1_549' title='bbox 1349 1506 1428 1534; x_wconf 89' lang='lat' dir='ltr'>enim</span> <span class='ocrx_word' id='word_1_550' title='bbox 1449 1514 1587 1535; x_wconf 85' lang='lat' dir='ltr'>amarum</span> <span class='ocrx_word' id='word_1_551' title='bbox 1606 1515 1698 1542; x_wconf 88' lang='lat' dir='ltr'>mare,</span> <span class='ocrx_word' id='word_1_552' title='bbox 1724 1509 1816 1535; x_wconf 81' lang='lat' dir='ltr'>Maria</span> 
     </span>
     <span class='ocr_line' id='line_1_80' title="bbox 1030 1552 1816 1585; baseline 0.006 -6"><span class='ocrx_word' id='word_1_553' title='bbox 1030 1553 1072 1579; x_wconf 86' lang='lat' dir='ltr'>est</span> <span class='ocrx_word' id='word_1_554' title='bbox 1086 1552 1171 1580; x_wconf 82' lang='lat' dir='ltr'>stella</span> <span class='ocrx_word' id='word_1_555' title='bbox 1183 1553 1283 1585; x_wconf 83' lang='lat' dir='ltr'>maris,</span> <span class='ocrx_word' id='word_1_556' title='bbox 1300 1555 1326 1581; x_wconf 90' lang='lat' dir='ltr'>et</span> <span class='ocrx_word' id='word_1_557' title='bbox 1343 1554 1435 1581; x_wconf 80' lang='lat' dir='ltr'>Maria</span> <span class='ocrx_word' id='word_1_558' title='bbox 1455 1554 1623 1583; x_wconf 84' lang='lat' dir='ltr'>illuminata</span> <span class='ocrx_word' id='word_1_559' title='bbox 1641 1555 1689 1583; x_wconf 79' lang='lat' dir='ltr'>vel</span> <span class='ocrx_word' id='word_1_560' title='bbox 1704 1556 1816 1583; x_wconf 91' lang='lat' dir='ltr'>illumi-</span> 
     </span>
     <span class='ocr_line' id='line_1_81' title="bbox 1029 1599 1815 1637; baseline 0.006 -11"><span class='ocrx_word' id='word_1_561' title='bbox 1029 1599 1137 1633; x_wconf 79' lang='lat' dir='ltr'>natrix,</span> <span class='ocrx_word' id='word_1_562' title='bbox 1152 1601 1245 1627; x_wconf 83' lang='lat' dir='ltr'>Maria</span> <span class='ocrx_word' id='word_1_563' title='bbox 1265 1600 1389 1628; x_wconf 87' lang='lat' dir='ltr'>domina</span> <span class='ocrx_word' id='word_1_564' title='bbox 1409 1600 1627 1637; x_wconf 80' lang='lat' dir='ltr'>interpretatur.</span> <span class='ocrx_word' id='word_1_565' title='bbox 1651 1603 1741 1631; x_wconf 86' lang='lat' dir='ltr'>Maria</span> <span class='ocrx_word' id='word_1_566' title='bbox 1764 1611 1815 1631; x_wconf 83' lang='lat' dir='ltr'>au-</span> 
     </span>
     <span class='ocr_line' id='line_1_82' title="bbox 1029 1647 1816 1684; baseline 0.005 -10"><span class='ocrx_word' id='word_1_567' title='bbox 1029 1648 1089 1674; x_wconf 89' lang='lat' dir='ltr'>tem</span> <span class='ocrx_word' id='word_1_568' title='bbox 1098 1648 1140 1674; x_wconf 86' lang='lat' dir='ltr'>est</span> <span class='ocrx_word' id='word_1_569' title='bbox 1150 1655 1231 1675; x_wconf 84' lang='lat' dir='ltr'>mare</span> <span class='ocrx_word' id='word_1_570' title='bbox 1241 1655 1377 1675; x_wconf 83' lang='lat' dir='ltr'>amarum</span> <span class='ocrx_word' id='word_1_571' title='bbox 1387 1647 1585 1684; x_wconf 71' lang='lat' dir='ltr'>daemonibus,</span> <span class='ocrx_word' id='word_1_572' title='bbox 1594 1651 1622 1677; x_wconf 92' lang='lat' dir='ltr'>et</span> <span class='ocrx_word' id='word_1_573' title='bbox 1631 1649 1713 1677; x_wconf 84' lang='lat' dir='ltr'>stella</span> <span class='ocrx_word' id='word_1_574' title='bbox 1726 1650 1816 1678; x_wconf 83' lang='lat' dir='ltr'>maris</span> 
     </span>
     <span class='ocr_line' id='line_1_83' title="bbox 1029 1693 1817 1730; baseline 0.005 -9"><span class='ocrx_word' id='word_1_575' title='bbox 1029 1693 1214 1729; x_wconf 86' lang='lat' dir='ltr'>hominibus,</span> <span class='ocrx_word' id='word_1_576' title='bbox 1237 1696 1264 1722; x_wconf 89' lang='lat' dir='ltr'>et</span> <span class='ocrx_word' id='word_1_577' title='bbox 1284 1694 1461 1730; x_wconf 83' lang='lat' dir='ltr'>illuminata,</span> <span class='ocrx_word' id='word_1_578' title='bbox 1485 1695 1533 1723; x_wconf 86' lang='lat' dir='ltr'>vel</span> <span class='ocrx_word' id='word_1_579' title='bbox 1555 1695 1749 1725; x_wconf 83' lang='lat' dir='ltr'>illuminatrix</span> <span class='ocrx_word' id='word_1_580' title='bbox 1765 1705 1817 1725; x_wconf 86' lang='lat' dir='ltr'>an-</span> 
     </span>
     <span class='ocr_line' id='line_1_84' title="bbox 1030 1740 1815 1777; baseline 0.006 -9"><span class='ocrx_word' id='word_1_581' title='bbox 1030 1740 1132 1776; x_wconf 87' lang='lat' dir='ltr'>gelicis</span> <span class='ocrx_word' id='word_1_582' title='bbox 1155 1741 1320 1777; x_wconf 85' lang='lat' dir='ltr'>spiritibus;</span> <span class='ocrx_word' id='word_1_583' title='bbox 1353 1742 1477 1770; x_wconf 84' lang='lat' dir='ltr'>domina</span> <span class='ocrx_word' id='word_1_584' title='bbox 1499 1743 1641 1772; x_wconf 84' lang='lat' dir='ltr'>creaturis</span> <span class='ocrx_word' id='word_1_585' title='bbox 1664 1745 1815 1774; x_wconf 83' lang='lat' dir='ltr'>omnihus.</span> 
     </span>
     <span class='ocr_line' id='line_1_85' title="bbox 1029 1788 1816 1824; baseline 0.006 -9"><span class='ocrx_word' id='word_1_586' title='bbox 1029 1788 1130 1823; x_wconf 84' lang='lat' dir='ltr'>Maria,</span> <span class='ocrx_word' id='word_1_587' title='bbox 1149 1788 1285 1824; x_wconf 88' lang='lat' dir='ltr'>inquam,</span> <span class='ocrx_word' id='word_1_588' title='bbox 1303 1789 1491 1818; x_wconf 78' lang='lat' dir='ltr'>daemonil)us</span> <span class='ocrx_word' id='word_1_589' title='bbox 1513 1793 1555 1818; x_wconf 87' lang='lat' dir='ltr'>est</span> <span class='ocrx_word' id='word_1_590' title='bbox 1576 1799 1659 1819; x_wconf 81' lang='lat' dir='ltr'>mare</span> <span class='ocrx_word' id='word_1_591' title='bbox 1680 1799 1816 1820; x_wconf 86' lang='lat' dir='ltr'>amarum</span> 
     </span>
     <span class='ocr_line' id='line_1_86' title="bbox 1030 1835 1818 1871; baseline 0.006 -9"><span class='ocrx_word' id='word_1_592' title='bbox 1030 1835 1229 1871; x_wconf 88' lang='lat' dir='ltr'>spiritualiter,</span> <span class='ocrx_word' id='word_1_593' title='bbox 1247 1838 1274 1863; x_wconf 86' lang='lat' dir='ltr'>et</span> <span class='ocrx_word' id='word_1_594' title='bbox 1289 1836 1378 1864; x_wconf 87' lang='lat' dir='ltr'>Maria</span> <span class='ocrx_word' id='word_1_595' title='bbox 1390 1837 1564 1865; x_wconf 81' lang='lat' dir='ltr'>hominibus</span> <span class='ocrx_word' id='word_1_596' title='bbox 1577 1840 1619 1866; x_wconf 85' lang='lat' dir='ltr'>est</span> <span class='ocrx_word' id='word_1_597' title='bbox 1629 1838 1713 1867; x_wconf 85' lang='lat' dir='ltr'>stella</span> <span class='ocrx_word' id='word_1_598' title='bbox 1727 1840 1818 1867; x_wconf 84' lang='lat' dir='ltr'>maris</span> 
     </span>
     <span class='ocr_line' id='line_1_87' title="bbox 1031 1882 1818 1919; baseline 0.005 -9"><span class='ocrx_word' id='word_1_599' title='bbox 1031 1882 1207 1918; x_wconf 83' lang='lat' dir='ltr'>officialiter,</span> <span class='ocrx_word' id='word_1_600' title='bbox 1219 1883 1343 1911; x_wconf 83' lang='lat' dir='ltr'>etMaria</span> <span class='ocrx_word' id='word_1_601' title='bbox 1353 1884 1465 1919; x_wconf 83' lang='lat' dir='ltr'>angelis</span> <span class='ocrx_word' id='word_1_602' title='bbox 1479 1884 1675 1913; x_wconf 80' lang='lat' dir='ltr'>illuminatrix</span> <span class='ocrx_word' id='word_1_603' title='bbox 1686 1889 1728 1914; x_wconf 83' lang='lat' dir='ltr'>est</span> <span class='ocrx_word' id='word_1_604' title='bbox 1738 1888 1818 1914; x_wconf 80' lang='lat' dir='ltr'>aeter-</span> 
     </span>
     <span class='ocr_line' id='line_1_88' title="bbox 1031 1930 1818 1965; baseline 0.006 -8"><span class='ocrx_word' id='word_1_605' title='bbox 1031 1930 1146 1965; x_wconf 86' lang='lat' dir='ltr'>naliter,</span> <span class='ocrx_word' id='word_1_606' title='bbox 1167 1932 1195 1958; x_wconf 93' lang='lat' dir='ltr'>et</span> <span class='ocrx_word' id='word_1_607' title='bbox 1216 1930 1305 1959; x_wconf 83' lang='lat' dir='ltr'>Maria</span> <span class='ocrx_word' id='word_1_608' title='bbox 1327 1931 1467 1959; x_wconf 86' lang='lat' dir='ltr'>creaturis</span> <span class='ocrx_word' id='word_1_609' title='bbox 1483 1932 1624 1960; x_wconf 88' lang='lat' dir='ltr'>omnibus</span> <span class='ocrx_word' id='word_1_610' title='bbox 1639 1935 1681 1961; x_wconf 89' lang='lat' dir='ltr'>est</span> <span class='ocrx_word' id='word_1_611' title='bbox 1694 1933 1818 1962; x_wconf 85' lang='lat' dir='ltr'>domina</span> 
     </span>
     <span class='ocr_line' id='line_1_89' title="bbox 1031 1977 1247 2006; baseline 0 -1"><span class='ocrx_word' id='word_1_612' title='bbox 1031 1977 1247 2006; x_wconf 86' lang='lat' dir='ltr'>universaliter.</span> 
     </span>
    </p>

    <p class='ocr_par' dir='ltr' id='par_1_10' title="bbox 1030 2025 1819 2581">
     <span class='ocr_line' id='line_1_90' title="bbox 1068 2025 1817 2063; baseline 0.004 -10"><span class='ocrx_word' id='word_1_613' title='bbox 1068 2025 1326 2054; x_wconf 81' lang='lat' dir='ltr'>Considerandum</span> <span class='ocrx_word' id='word_1_614' title='bbox 1346 2033 1417 2061; x_wconf 85' lang='lat' dir='ltr'>ergo</span> <span class='ocrx_word' id='word_1_615' title='bbox 1440 2028 1493 2061; x_wconf 86' lang='lat' dir='ltr'>est,</span> <span class='ocrx_word' id='word_1_616' title='bbox 1514 2027 1595 2063; x_wconf 86' lang='lat' dir='ltr'>quod</span> <span class='ocrx_word' id='word_1_617' title='bbox 1621 2027 1710 2056; x_wconf 81' lang='lat' dir='ltr'>Maria</span> <span class='ocrx_word' id='word_1_618' title='bbox 1729 2028 1817 2056; x_wconf 85' lang='lat' dir='ltr'>inter-</span> 
     </span>
     <span class='ocr_line' id='line_1_91' title="bbox 1030 2073 1817 2111; baseline 0.005 -12"><span class='ocrx_word' id='word_1_619' title='bbox 1030 2073 1163 2108; x_wconf 86' lang='lat' dir='ltr'>pretatur</span> <span class='ocrx_word' id='word_1_620' title='bbox 1178 2080 1315 2100; x_wconf 85' lang='lat' dir='ltr'>amarum</span> <span class='ocrx_word' id='word_1_621' title='bbox 1330 2081 1412 2101; x_wconf 87' lang='lat' dir='ltr'>mare</span> <span class='ocrx_word' id='word_1_622' title='bbox 1432 2082 1438 2100; x_wconf 92' lang='lat'>:</span> <span class='ocrx_word' id='word_1_623' title='bbox 1455 2073 1512 2101; x_wconf 89' lang='lat' dir='ltr'>hoc</span> <span class='ocrx_word' id='word_1_624' title='bbox 1528 2074 1639 2110; x_wconf 84' lang='lat' dir='ltr'>optime</span> <span class='ocrx_word' id='word_1_625' title='bbox 1655 2075 1679 2102; x_wconf 92' lang='lat' dir='ltr'>ei</span> <span class='ocrx_word' id='word_1_626' title='bbox 1697 2083 1817 2111; x_wconf 81' lang='lat' dir='ltr'>compe-</span> 
     </span>
     <span class='ocr_line' id='line_1_92' title="bbox 1031 2119 1819 2156; baseline 0.005 -9"><span class='ocrx_word' id='word_1_627' title='bbox 1031 2119 1064 2147; x_wconf 86' lang='lat' dir='ltr'>tit</span> <span class='ocrx_word' id='word_1_628' title='bbox 1079 2121 1181 2147; x_wconf 87' lang='lat' dir='ltr'>contra</span> <span class='ocrx_word' id='word_1_629' title='bbox 1196 2120 1363 2147; x_wconf 87' lang='lat' dir='ltr'>diabolum.</span> <span class='ocrx_word' id='word_1_630' title='bbox 1381 2121 1437 2148; x_wconf 87' lang='lat' dir='ltr'>Sed</span> <span class='ocrx_word' id='word_1_631' title='bbox 1454 2123 1539 2155; x_wconf 80' lang='lat' dir='ltr'>nota,</span> <span class='ocrx_word' id='word_1_632' title='bbox 1557 2122 1713 2156; x_wconf 85' lang='lat' dir='ltr'>quomodo</span> <span class='ocrx_word' id='word_1_633' title='bbox 1729 2122 1819 2151; x_wconf 79' lang='lat' dir='ltr'>Maria</span> 
     </span>
     <span class='ocr_line' id='line_1_93' title="bbox 1031 2167 1817 2204; baseline 0.004 -10"><span class='ocrx_word' id='word_1_634' title='bbox 1031 2167 1067 2194; x_wconf 84' lang='lat' dir='ltr'>sit</span> <span class='ocrx_word' id='word_1_635' title='bbox 1080 2175 1174 2201; x_wconf 87' lang='lat' dir='ltr'>mare,</span> <span class='ocrx_word' id='word_1_636' title='bbox 1198 2169 1226 2194; x_wconf 90' lang='lat' dir='ltr'>et</span> <span class='ocrx_word' id='word_1_637' title='bbox 1246 2167 1401 2203; x_wconf 86' lang='lat' dir='ltr'>quomodo</span> <span class='ocrx_word' id='word_1_638' title='bbox 1422 2167 1458 2195; x_wconf 89' lang='lat' dir='ltr'>sit</span> <span class='ocrx_word' id='word_1_639' title='bbox 1478 2176 1590 2203; x_wconf 82' lang='lat' dir='ltr'>amara,</span> <span class='ocrx_word' id='word_1_640' title='bbox 1613 2171 1640 2196; x_wconf 91' lang='lat' dir='ltr'>et</span> <span class='ocrx_word' id='word_1_641' title='bbox 1661 2169 1817 2204; x_wconf 85' lang='lat' dir='ltr'>quomodo</span> 
     </span>
     <span class='ocr_line' id='line_1_94' title="bbox 1032 2214 1817 2252; baseline 0.005 -12"><span class='ocrx_word' id='word_1_642' title='bbox 1032 2214 1120 2241; x_wconf 87' lang='lat' dir='ltr'>simul</span> <span class='ocrx_word' id='word_1_643' title='bbox 1139 2214 1175 2241; x_wconf 85' lang='lat' dir='ltr'>sit</span> <span class='ocrx_word' id='word_1_644' title='bbox 1191 2222 1328 2242; x_wconf 83' lang='lat' dir='ltr'>amarum</span> <span class='ocrx_word' id='word_1_645' title='bbox 1344 2223 1435 2243; x_wconf 88' lang='lat' dir='ltr'>mare.</span> <span class='ocrx_word' id='word_1_646' title='bbox 1453 2215 1540 2243; x_wconf 87' lang='lat' dir='ltr'>Maria</span> <span class='ocrx_word' id='word_1_647' title='bbox 1556 2218 1597 2244; x_wconf 88' lang='lat' dir='ltr'>est</span> <span class='ocrx_word' id='word_1_648' title='bbox 1612 2224 1705 2250; x_wconf 82' lang='lat' dir='ltr'>mare,</span> <span class='ocrx_word' id='word_1_649' title='bbox 1723 2217 1817 2252; x_wconf 85' lang='lat' dir='ltr'>gratia</span> 
     </span>
     <span class='ocr_line' id='line_1_95' title="bbox 1032 2261 1817 2299; baseline 0.004 -11"><span class='ocrx_word' id='word_1_650' title='bbox 1032 2261 1183 2289; x_wconf 76' lang='lat' dir='ltr'>affluendo</span> <span class='ocrx_word' id='word_1_651' title='bbox 1196 2271 1203 2296; x_wconf 68' lang='grc' dir='ltr'><strong><em>ς</em></strong></span> <span class='ocrx_word' id='word_1_652' title='bbox 1221 2263 1249 2288; x_wconf 90' lang='lat' dir='ltr'>et</span> <span class='ocrx_word' id='word_1_653' title='bbox 1264 2262 1353 2289; x_wconf 87' lang='lat' dir='ltr'>Maria</span> <span class='ocrx_word' id='word_1_654' title='bbox 1366 2264 1408 2289; x_wconf 88' lang='lat' dir='ltr'>est</span> <span class='ocrx_word' id='word_1_655' title='bbox 1423 2270 1536 2297; x_wconf 80' lang='lat' dir='ltr'>amara,</span> <span class='ocrx_word' id='word_1_656' title='bbox 1553 2262 1617 2290; x_wconf 86' lang='lat' dir='ltr'>filio</span> <span class='ocrx_word' id='word_1_657' title='bbox 1633 2264 1817 2299; x_wconf 82' lang='lat' dir='ltr'>compatien-</span> 
     </span>
     <span class='ocr_line' id='line_1_96' title="bbox 1032 2308 1816 2344; baseline 0.004 -9"><span class='ocrx_word' id='word_1_658' title='bbox 1032 2308 1088 2343; x_wconf 84' lang='lat' dir='ltr'>do;</span> <span class='ocrx_word' id='word_1_659' title='bbox 1106 2310 1133 2335; x_wconf 90' lang='lat' dir='ltr'>et</span> <span class='ocrx_word' id='word_1_660' title='bbox 1149 2309 1238 2336; x_wconf 77' lang='lat' dir='ltr'>Maria</span> <span class='ocrx_word' id='word_1_661' title='bbox 1254 2311 1296 2336; x_wconf 85' lang='lat' dir='ltr'>est</span> <span class='ocrx_word' id='word_1_662' title='bbox 1312 2317 1448 2337; x_wconf 86' lang='lat' dir='ltr'>amarum</span> <span class='ocrx_word' id='word_1_663' title='bbox 1462 2318 1554 2344; x_wconf 83' lang='lat' dir='ltr'>mare,</span> <span class='ocrx_word' id='word_1_664' title='bbox 1574 2310 1730 2338; x_wconf 86' lang='lat' dir='ltr'>diabolum</span> <span class='ocrx_word' id='word_1_665' title='bbox 1747 2311 1816 2338; x_wconf 82' lang='lat' dir='ltr'>sub-</span> 
     </span>
     <span class='ocr_line' id='line_1_97' title="bbox 1031 2357 1818 2395; baseline 0.004 -12"><span class='ocrx_word' id='word_1_666' title='bbox 1031 2357 1206 2392; x_wconf 85' lang='lat' dir='ltr'>mergendo.</span> <span class='ocrx_word' id='word_1_667' title='bbox 1223 2357 1311 2385; x_wconf 78' lang='lat' dir='ltr'>Maria</span> <span class='ocrx_word' id='word_1_668' title='bbox 1334 2357 1435 2393; x_wconf 87' lang='lat' dir='ltr'>utique</span> <span class='ocrx_word' id='word_1_669' title='bbox 1452 2361 1494 2386; x_wconf 81' lang='lat' dir='ltr'>est</span> <span class='ocrx_word' id='word_1_670' title='bbox 1509 2367 1603 2393; x_wconf 81' lang='lat' dir='ltr'>mare,</span> <span class='ocrx_word' id='word_1_671' title='bbox 1626 2367 1679 2395; x_wconf 87' lang='lat' dir='ltr'>per</span> <span class='ocrx_word' id='word_1_672' title='bbox 1697 2359 1818 2386; x_wconf 79' lang='lat' dir='ltr'>affluen-</span> 
     </span>
     <span class='ocr_line' id='line_1_98' title="bbox 1032 2403 1818 2441; baseline 0.004 -11"><span class='ocrx_word' id='word_1_673' title='bbox 1032 2405 1091 2431; x_wconf 87' lang='lat' dir='ltr'>tem</span> <span class='ocrx_word' id='word_1_674' title='bbox 1105 2403 1227 2439; x_wconf 85' lang='lat' dir='ltr'>Spiritus</span> <span class='ocrx_word' id='word_1_675' title='bbox 1241 2404 1333 2432; x_wconf 77' lang='lat' dir='ltr'>saneti</span> <span class='ocrx_word' id='word_1_676' title='bbox 1348 2405 1545 2440; x_wconf 86' lang='lat' dir='ltr'>repletionem</span> <span class='ocrx_word' id='word_1_677' title='bbox 1557 2416 1564 2441; x_wconf 82' lang='lat'><em>3</em></span> <span class='ocrx_word' id='word_1_678' title='bbox 1576 2406 1665 2433; x_wconf 87' lang='lat' dir='ltr'>Maria</span> <span class='ocrx_word' id='word_1_679' title='bbox 1681 2408 1724 2433; x_wconf 79' lang='lat' dir='ltr'>est</span> <span class='ocrx_word' id='word_1_680' title='bbox 1739 2414 1818 2434; x_wconf 87' lang='lat' dir='ltr'>ama-</span> 
     </span>
     <span class='ocr_line' id='line_1_99' title="bbox 1031 2451 1819 2488; baseline 0.004 -10"><span class='ocrx_word' id='word_1_681' title='bbox 1031 2459 1075 2484; x_wconf 85' lang='lat' dir='ltr'>ra,</span> <span class='ocrx_word' id='word_1_682' title='bbox 1086 2459 1138 2486; x_wconf 88' lang='lat' dir='ltr'>per</span> <span class='ocrx_word' id='word_1_683' title='bbox 1153 2451 1323 2480; x_wconf 82' lang='lat' dir='ltr'>affluentem</span> <span class='ocrx_word' id='word_1_684' title='bbox 1341 2452 1392 2479; x_wconf 89' lang='lat' dir='ltr'>filii</span> <span class='ocrx_word' id='word_1_685' title='bbox 1407 2453 1451 2480; x_wconf 82' lang='lat' dir='ltr'>sui</span> <span class='ocrx_word' id='word_1_686' title='bbox 1468 2453 1651 2488; x_wconf 79' lang='lat' dir='ltr'>passionem;</span> <span class='ocrx_word' id='word_1_687' title='bbox 1671 2453 1758 2481; x_wconf 74' lang='lat' dir='ltr'>Maria</span> <span class='ocrx_word' id='word_1_688' title='bbox 1776 2455 1819 2481; x_wconf 87' lang='lat' dir='ltr'>est</span> 
     </span>
     <span class='ocr_line' id='line_1_100' title="bbox 1032 2500 1817 2536; baseline 0.004 -11"><span class='ocrx_word' id='word_1_689' title='bbox 1032 2506 1114 2526; x_wconf 87' lang='lat' dir='ltr'>marc</span> <span class='ocrx_word' id='word_1_690' title='bbox 1137 2506 1285 2534; x_wconf 87' lang='lat' dir='ltr'>amarum,</span> <span class='ocrx_word' id='word_1_691' title='bbox 1310 2508 1363 2535; x_wconf 87' lang='lat' dir='ltr'>per</span> <span class='ocrx_word' id='word_1_692' title='bbox 1387 2501 1629 2535; x_wconf 79' lang='lat' dir='ltr'>suhmergentem</span> <span class='ocrx_word' id='word_1_693' title='bbox 1643 2500 1678 2536; x_wconf 89' lang='lat' dir='ltr'>(b)</span> <span class='ocrx_word' id='word_1_694' title='bbox 1710 2500 1817 2528; x_wconf 82' lang='lat' dir='ltr'>diabo—</span> 
     </span>
     <span class='ocr_line' id='line_1_101' title="bbox 1032 2545 1397 2581; baseline 0.011 -10"><span class='ocrx_word' id='word_1_695' title='bbox 1032 2545 1096 2572; x_wconf 89' lang='lat' dir='ltr'>lum</span> <span class='ocrx_word' id='word_1_696' title='bbox 1111 2545 1144 2581; x_wconf 75' lang='lat' dir='ltr'>(c)</span> <span class='ocrx_word' id='word_1_697' title='bbox 1160 2545 1397 2575; x_wconf 84' lang='lat' dir='ltr'>suffocationem.</span> 
     </span>
    </p>

    <p class='ocr_par' dir='ltr' id='par_1_11' title="bbox 1069 2592 1817 2630">
     <span class='ocr_line' id='line_1_102' title="bbox 1069 2592 1817 2630; baseline 0.004 -11"><span class='ocrx_word' id='word_1_698' title='bbox 1069 2592 1166 2620; x_wconf 89' lang='lat' dir='ltr'>Primo</span> <span class='ocrx_word' id='word_1_699' title='bbox 1179 2593 1347 2629; x_wconf 77' lang='lat' dir='ltr'>considera,</span> <span class='ocrx_word' id='word_1_700' title='bbox 1364 2594 1546 2629; x_wconf 78' lang='lat' dir='ltr'>charissime,</span> <span class='ocrx_word' id='word_1_701' title='bbox 1568 2594 1652 2630; x_wconf 89' lang='lat' dir='ltr'>quod</span> <span class='ocrx_word' id='word_1_702' title='bbox 1668 2594 1757 2623; x_wconf 85' lang='lat' dir='ltr'>Maria</span> <span class='ocrx_word' id='word_1_703' title='bbox 1773 2595 1817 2622; x_wconf 87' lang='lat' dir='ltr'>di-</span> 
     </span>
    </p>
   </div>
   <div class='ocr_carea' id='block_1_10' title="bbox 1033 2656 1818 2723">
    <p class='ocr_par' dir='ltr' id='par_1_12' title="bbox 1033 2656 1818 2723">
     <span class='ocr_line' id='line_1_103' title="bbox 1065 2656 1818 2688; baseline 0.004 -9"><span class='ocrx_word' id='word_1_704' title='bbox 1065 2657 1099 2686; x_wconf 77' lang='grc' dir='ltr'>(ιι)</span> <span class='ocrx_word' id='word_1_705' title='bbox 1115 2656 1176 2680; x_wconf 74' lang='lat' dir='ltr'>Caet.</span> <span class='ocrx_word' id='word_1_706' title='bbox 1193 2657 1254 2681; x_wconf 62' lang='lat' dir='ltr'>edit.</span> <span class='ocrx_word' id='word_1_707' title='bbox 1269 2657 1426 2688; x_wconf 48' lang='lat' dir='ltr'>longis-sima.</span> <span class='ocrx_word' id='word_1_708' title='bbox 1441 2671 1470 2675; x_wconf 94' lang='lat'>-—</span> <span class='ocrx_word' id='word_1_709' title='bbox 1486 2657 1521 2687; x_wconf 76' lang='lat' dir='ltr'>(b)</span> <span class='ocrx_word' id='word_1_710' title='bbox 1540 2657 1608 2683; x_wconf 83' lang='lat' dir='ltr'>Edit.</span> <span class='ocrx_word' id='word_1_711' title='bbox 1628 2658 1686 2682; x_wconf 74' lang='lat' dir='ltr'>Ven.</span> <span class='ocrx_word' id='word_1_712' title='bbox 1704 2658 1818 2682; x_wconf 85' lang='lat' dir='ltr'>submer-</span> 
     </span>
     <span class='ocr_line' id='line_1_104' title="bbox 1033 2692 1531 2723; baseline 0.004 -8"><span class='ocrx_word' id='word_1_713' title='bbox 1033 2692 1156 2722; x_wconf 79' lang='lat' dir='ltr'>gendum.</span> <span class='ocrx_word' id='word_1_714' title='bbox 1179 2707 1203 2710; x_wconf 89' lang='lat'>—</span> <span class='ocrx_word' id='word_1_715' title='bbox 1226 2695 1253 2723; x_wconf 59' lang='lat' dir='ltr'>(v)</span> <span class='ocrx_word' id='word_1_716' title='bbox 1271 2694 1333 2717; x_wconf 70' lang='lat' dir='ltr'>Crrl.</span> <span class='ocrx_word' id='word_1_717' title='bbox 1351 2694 1412 2717; x_wconf 69' lang='lat' dir='ltr'>ellit.</span> <span class='ocrx_word' id='word_1_718' title='bbox 1429 2693 1531 2718; x_wconf 70' lang='lat' dir='ltr'>diaboli.</span> 
     </span>
    </p>
   </div>
   <div class='ocr_carea' id='block_1_11' title="bbox 1840 1516 1938 1630">
    <p class='ocr_par' dir='ltr' id='par_1_13' title="bbox 1840 1516 1938 1630">
     <span class='ocr_line' id='line_1_105' title="bbox 1845 1516 1938 1541; baseline 0.011 -5"><span class='ocrx_word' id='word_1_719' title='bbox 1845 1516 1902 1541; x_wconf 81' lang='lat' dir='ltr'>Quid</span> <span class='ocrx_word' id='word_1_720' title='bbox 1911 1517 1938 1537; x_wconf 82' lang='lat' dir='ltr'>si-</span> 
     </span>
     <span class='ocr_line' id='line_1_106' title="bbox 1840 1548 1930 1574; baseline 0.022 -8"><span class='ocrx_word' id='word_1_721' title='bbox 1840 1548 1930 1574; x_wconf 75' lang='lat' dir='ltr'>gnificat</span> 
     </span>
     <span class='ocr_line' id='line_1_107' title="bbox 1843 1584 1924 1599; baseline -0.012 0"><span class='ocrx_word' id='word_1_722' title='bbox 1843 1584 1924 1599; x_wconf 85' lang='lat' dir='ltr'>nomeu</span> 
     </span>
     <span class='ocr_line' id='line_1_108' title="bbox 1845 1610 1924 1630; baseline 0 0"><span class='ocrx_word' id='word_1_723' title='bbox 1845 1610 1924 1630; x_wconf 72' lang='lat' dir='ltr'>Maria.</span> 
     </span>
    </p>
   </div>
   <div class='ocr_carea' id='block_1_12' title="bbox 1832 2033 1940 2115">
    <p class='ocr_par' dir='ltr' id='par_1_14' title="bbox 1832 2033 1940 2115">
     <span class='ocr_line' id='line_1_109' title="bbox 1870 2033 1940 2053; baseline 0 0"><span class='ocrx_word' id='word_1_724' title='bbox 1870 2034 1891 2053; x_wconf 86' lang='lat' dir='ltr'><strong>M</strong></span> <span class='ocrx_word' id='word_1_725' title='bbox 1894 2033 1940 2053; x_wconf 74' lang='lat' dir='ltr'>aria</span> 
     </span>
     <span class='ocr_line' id='line_1_110' title="bbox 1832 2070 1932 2085; baseline -0.01 0"><span class='ocrx_word' id='word_1_726' title='bbox 1832 2070 1932 2085; x_wconf 61' lang='lat' dir='ltr'>&amp;marum</span> 
     </span>
     <span class='ocr_line' id='line_1_111' title="bbox 1832 2101 1902 2115; baseline 0 0"><span class='ocrx_word' id='word_1_727' title='bbox 1832 2101 1902 2115; x_wconf 74' lang='lat' dir='ltr'>mare.</span> 
     </span>
    </p>
   </div>
  </div>
 </body>
</html>
