2029 3052
100 1697 168 1717 Coelo-

76 1735 125 1749 rum
144 1735 175 1749 nu

97 1765 171 1780 merus

90 1791 173 1811 varius.

565 201 615 234 DE
637 201 673 234 Β.
697 199 940 238 SEMPERQUE
961 199 1067 232 VIRG.
1089 199 1231 231 MARlA.
1256 199 1390 232 SERMO
1413 199 1436 230 Ι.

190 273 232 300 est
243 271 372 300 maxime
388 271 506 308 signum
524 280 530 299 :
547 272 575 299 et
588 270 656 299 ideo
672 269 742 298 satis
758 276 891 304 congrue
906 276 972 296 ver-

189 319 258 347 bum
279 319 466 356 propositum
484 320 526 347 est
547 319 748 354 assumptum,
771 316 854 353 quod
874 324 891 344 a
914 317 971 344 Deo

190 366 311 395 cuilibet
324 368 458 394 nostrum
468 367 562 402 potest
576 364 632 392 sub
645 364 821 400 metaphora
832 371 895 392 esse
911 363 972 391 dic-

191 415 253 442 tum
266 423 272 440 :
286 414 395 449 Suspice
406 414 510 446 coelum,
525 414 550 440 et
564 419 676 440 nmncra
684 412 785 446 stellas,
800 412 854 439 etc.
867 412 898 439 ln
910 419 971 447 quo

190 461 292 497 utique
307 459 411 494 verbo,
428 459 529 487 subtili
548 461 645 487 mente
661 458 806 491 discusso,
823 457 906 494 regia
923 458 972 486 Dei

190 507 279 543 Virgo
300 506 407 544 triplici
427 506 654 535 commendatur
670 505 835 542 praeconio,
858 513 972 533 memo-

189 554 240 582 riae
259 556 407 591 perpetuae
427 553 680 582 commendando.
703 554 776 581 Nam
796 552 974 581 describitur

190 601 298 638 verbo,
311 603 344 629 ut
356 601 541 629 admirabilis
556 601 662 629 animae
677 600 815 634 intuenti,
835 602 866 628 ut
881 600 922 628 sic
938 599 974 628 sit

192 648 378 676 admirabilis
397 650 517 685 propter
535 648 627 684 ipsius
650 647 824 676 altissimam
844 649 973 683 potesta-

191 697 266 730 tem,
285 698 317 724 ut
331 695 510 724 venerabilis
525 695 631 723 animia
646 695 770 723 intuenti
789 696 910 731 propter
926 694 972 730 ip—

191 743 251 771 sius
266 742 406 770 eximiam
426 743 617 777 sanctitatem,
633 744 666 770 ut
680 741 838 770 ineffabilis
858 741 973 769 homini

192 789 360 826 eloquenti,
385 791 506 826 propter
531 789 703 817 divinorum
726 789 861 817 omnium
887 789 974 816 uber-

191 838 292 865 tatem.
315 836 404 871 Igitur
421 836 520 872 primo
543 836 689 872 probatur
704 844 768 864 esse
788 835 974 863 admirabilis

191 885 330 921 potentiae
345 885 511 920 cognitivae,
532 887 655 921 propter
674 884 903 921 praerogativam
920 883 975 910 do-

192 932 286 967 minii,
307 940 376 960 cum
397 932 527 960 dicitur:
552 932 674 967 Suspire,
698 931 730 960 id
754 933 806 965 est,
829 930 975 966 magnitu-

193 979 294 1007 dinem
313 979 376 1014 ejus
397 979 556 1006 admirare.
582 978 718 1007 Secundo
744 978 891 1014 probatur
914 985 975 1005 esse

192 1026 371 1054 venerabilis
384 1026 523 1062 potentiae
539 1026 674 1053 amativae
689 1028 810 1062 propter
829 1024 976 1052 excellen-

193 1073 264 1101 tiam
279 1074 385 1107 meriti,
401 1082 469 1101 cum
485 1073 657 1108 adjungitur
674 1083 680 1101 :
697 1074 806 1107 Coeium,
827 1073 898 1108 quia
913 1081 975 1100 om-

193 1120 239 1148 nis
254 1120 413 1148 sanctitatis
434 1122 477 1148 est
495 1120 684 1156 signativum.
701 1119 795 1147 Tertio
812 1120 977 1147 ostenditur

194 1169 353 1197 ineffabilis
368 1169 504 1205 potentiae
525 1169 680 1197 narrativae
700 1172 823 1205 propter
844 1169 976 1197 multitu-

194 1216 295 1245 dinem
306 1217 457 1244 donorum
469 1216 528 1251 Dei,
545 1225 613 1245 cum
628 1217 749 1244 additur
762 1225 767 1244 :
781 1218 900 1245 Numera
915 1218 978 1244 scel·

194 1265 245 1298 las,
260 1265 286 1291 si
300 1266 385 1299 potes,
408 1264 493 1300 quasi
513 1264 593 1292 dicat
608 1274 615 1291 .·
632 1266 692 1292 Hoc
713 1263 849 1291 divinum
869 1264 978 1292 coelum

194 1311 280 1339 tantis
293 1313 336 1339 est
351 1311 438 1339 donis
449 1311 640 1346 adornatum,
656 1313 688 1339 ut
703 1313 859 1339 numerato
873 1311 912 1339 ad
925 1319 978 1339 nu-

194 1358 373 1386 merandum
389 1367 505 1394 semper
520 1360 618 1386 restat.
636 1360 744 1386 Verum
759 1360 830 1394 quia
845 1359 908 1394 ejus
919 1358 979 1386 alta

194 1405 374 1439 sublimitas,
399 1405 492 1442 ipsius
516 1405 626 1433 eximia
651 1405 803 1439 sanctitas,
828 1405 979 1433 donorum

195 1452 257 1488 ejus
273 1452 411 1487 varietas,
427 1454 455 1480 et
476 1453 595 1480 ubertas
619 1454 715 1488 potest
739 1452 832 1488 accipi
857 1461 892 1481 ex
914 1453 978 1481 solo

196 1499 283 1534 coelo,
298 1499 367 1527 ideo
391 1499 428 1527 de
448 1499 569 1527 nomine
593 1499 659 1527 coeli
680 1499 745 1527 solo
767 1499 815 1527 hic
834 1500 980 1528 tenendus

197 1548 239 1575 est
253 1554 351 1574 sermo
369 1556 376 1574 :
392 1548 420 1574 et
439 1547 510 1582 quia
524 1547 555 1574 in
575 1546 763 1574 sermonibus
781 1547 817 1574 de
839 1547 980 1575 testivita-

197 1594 274 1622 tibus
289 1594 363 1629 ejus,
379 1594 473 1621 multa
488 1593 550 1622 dixi
565 1593 602 1621 de
615 1594 847 1630 proprietatibus
860 1595 938 1629 00011,
954 1597 982 1623 et

196 1641 307 1676 Virgini
329 1641 483 1677 adaptavi;
504 1649 584 1668 nunc
606 1641 664 1668 alia
681 1641 730 1669 via
753 1642 981 1677 procedendum

198 1690 250 1716 est.
268 1689 315 1716 Est
332 1688 421 1723 igitur
435 1688 482 1716 hic
501 1688 680 1722 notandum,
696 1688 780 1724 quod
794 1689 863 1716 licet
881 1689 981 1718 multis

199 1735 297 1764 modis
321 1736 372 1763 fiat
397 1736 546 1764 distinctio
569 1736 714 1764 coelorum
731 1737 909 1773 (aliquando
931 1738 982 1766 de-

200 1791 276 1817 cem,
291 1782 339 1810 vel
355 1791 475 1817 novem,
495 1783 660 1819 aliquando
677 1785 755 1819 octo,
774 1784 823 1812 vel
837 1787 949 1820 septem
965 1793 982 1813 a

199 1830 337 1866 pluribus
349 1838 411 1858 esse
423 1830 561 1858 dicuntur
570 1830 589 1866 );
602 1831 640 1858 ab
655 1831 688 1858 iis
701 1833 810 1865 tamen,
822 1833 873 1867 qui
885 1832 982 1867 magis

200 1879 267 1904 sunt
281 1876 399 1911 famosi,
421 1879 449 1905 et
468 1877 577 1905 divinis
599 1877 701 1905 lit¹eris
727 1878 882 1913 nominati,
897 1879 984 1915 quin-

200 1931 259 1959 que
282 1923 347 1951 coeli
368 1932 430 1951 esse
453 1923 601 1951 dicuntur.
624 1926 697 1952 Nam
719 1925 850 1960 primum
875 1926 981 1954 coelum

201 1972 244 1998 est
258 1978 388 2005 aereum,
409 1970 574 1998 secundum
593 1971 637 1998 sui
661 1971 845 2007 superiorem
868 1975 984 2009 partem

200 2017 406 2053 purissimum;
423 2018 589 2046 secundum
604 2018 713 2046 coelum
729 2021 771 2046 est
785 2019 917 2055 igneum,
934 2029 984 2048 ca-

200 2064 395 2099 lidissimum3
417 2065 534 2093 tertium
554 2068 596 2093 est
616 2065 724 2093 coetum
739 2066 899 2102 sidereum,
917 2067 985 2094 soli-

202 2113 374 2148 dissimum3
394 2115 534 2150 quartum
555 2116 596 2142 est
613 2114 720 2142 coelum
738 2123 884 2151 aqueum,
902 2115 984 2152 frigi-

203 2161 376 2196 dissimum3
391 2162 529 2198 quintum
540 2170 611 2190 vero
625 2165 667 2190 est
678 2163 784 2190 coelum
797 2171 984 2200 empyreum,

202 2208 477 2236 luminosissimum.
500 2209 624 2237 Domina
645 2218 716 2245 ergo
739 2212 840 2238 nostra
859 2211 912 2239 fuit
929 2220 985 2239 coe-

202 2256 265 2283 lum
281 2263 411 2289 aereum,
427 2264 480 2291 per
502 2257 654 2292 utriusque
674 2257 804 2285 hominis
827 2258 984 2294 puritatem

204 2302 424 2336 omnimodam3
441 2302 612 2331 t'uitcoelum
628 2304 760 2339 igneum,
776 2312 828 2340 per
843 2305 985 2332 ardentis-

203 2350 310 2377 simam
331 2349 516 2383 charitatem3
543 2350 597 2378 fuit
618 2351 726 2378 coelum
745 2351 909 2386 sidereum,
933 2361 986 2388 per

204 2396 350 2432 patIentioe
364 2396 547 2430 firmitatem,
563 2398 591 2424 et
609 2398 770 2432 gratiarum
785 2398 857 2426 olim
876 2400 914 2435 (α)
936 2408 986 2427 00-

204 2443 384 2479 piositatem3
404 2443 456 2470 fuit
472 2443 580 2470 coelum
599 2451 744 2479 aqueum,
762 2453 814 2481 pei·
829 2446 984 2480 frigidissi-

204 2498 285 2518 mam
307 2491 482 2525 castitatem,-
508 2489 562 2517 suit
588 2491 696 2518 00011111]
717 2500 908 2527 empyreum,
932 2501 986 2528 per

204 2537 291 2565 totius
306 2537 456 2573 sapientiae
471 2537 642 2565 claritatem.

241 2585 375 2613 Dicamus
391 2593 473 2621 ergo,
490 2585 573 2621 quod
594 2585 725 2621 primum
748 2587 855 2615 coelum
878 2588 986 2616 dieitur

238 2648 244 2663 ¹
263 2648 363 2676 Martia,
381 2653 416 2677 Vl,
435 2649 472 2671 26.
490 2661 519 2665 -
533 2648 543 2664 ²
557 2648 691 2677 Cant.‚1v‚
709 2650 731 2673 7.
748 2663 778 2667 —
793 2651 800 2664 ³
817 2651 943 2682 Anselm„
957 2651 986 2675 de

207 2684 308 2715 Concep.
330 2684 437 2716 Vz'7·9z'7z.,
453 2691 475 2709 c.
492 2690 566 2708 xvltt.

1756 199 1813 228 107

1029 276 1168 304 aereum,
1198 267 1281 305 quod
1300 275 1363 304 proe
1386 266 1497 296 caetcris
1521 268 1564 295 est
1584 266 1673 294 nobis
1691 265 1814 302 propin-

1030 324 1135 352 quum,
1159 318 1187 344 et
1207 316 1237 343 in
1253 315 1400 352 superiori
1423 316 1507 351 parte
1530 314 1576 342 sui
1599 313 1813 350 purissimum,

1029 363 1119 391 nullis
1138 363 1303 399 vaporibus
1321 362 1369 390 vel
1392 360 1633 390 exhalationibus
1657 359 1814 396 perturba-

1029 412 1104 444 tum,
1120 411 1148 438 et
1162 410 1236 438 nulli
1258 412 1300 438 est
1316 411 1463 438 extraneae
1477 410 1589 437 naturae
1613 407 1793 444 permixtum
1807 416 1814 434 :

1030 457 1113 493 quod
1126 457 1166 485 sic
1182 457 1220 485 ab
1236 457 1365 493 antiquis
1382 455 1569 492 Philosophis
1584 457 1626 483 est
1640 454 1812 491 probatum.

1029 506 1112 532 Mons
1120 505 1264 540 Olympus
1273 506 1316 532 est
1324 512 1410 532 mons
1418 503 1588 537 altissimus,
1599 502 1675 529 ultra
1683 501 1815 529 medium

1029 552 1158 588 spatium
1183 552 1257 580 aeris
1272 552 1301 579 in
1317 552 1410 580 altum
1429 551 1591 588 projectus,
1614 550 1644 577 in
1666 557 1768 586 quem,
1784 550 1816 576 ut

1030 599 1100 627 inde
1116 599 1210 635 aliqui
1233 600 1355 635 possent
1380 598 1569 626 considerare
1593 597 1630 625 de
1652 596 1748 630 astris,
1771 604 1815 623 as-

1031 646 1213 682 cendebant3
1229 646 1282 674 sed
1299 646 1369 682 quia
1380 645 1422 673 ibi
1436 647 1499 673 erat
1511 647 1590 673 tanta
1603 644 1679 672 aeris
1690 643 1814 680 puritas,

1031 693 1114 730 quod
1128 695 1234 721 natura
1248 693 1324 721 ferre
1339 701 1400 720 non
1413 693 1539 729 poterat,
1555 691 1695 728 spongias
1711 690 1751 719 ad
1764 698 1814 718 na⁴

1029 750 1076 769 res
1090 741 1226 769 ferebant
1247 748 1328 777 aqua
1350 739 1471 776 plenem,
1488 747 1525 767 ex
1547 738 1657 775 quibus
1678 745 1816 773 grossum

1030 797 1131 817 aerem
1161 788 1347 816 attrahebant
1375 797 1383 815 .·
1418 794 1546 823 cumque
1576 786 1646 814 illuc
1674 787 1816 813 ascende-

1030 838 1097 864 rant
1118 836 1167 872 (b)‚
1195 835 1287 871 digito
1311 835 1342 863 in
1363 834 1538 871 pulveribus
1562 833 1605 861 ibi
1625 832 1814 867 scribebant,

1032 892 1107 920 quas
1122 884 1231 911 litteras
1251 882 1384 919 sequenti
1408 890 1487 910 anno
1512 880 1705 908 inveniebant
1725 879 1816 907 intac-

1031 933 1089 966 tas,
1116 939 1184 958 cum
1208 932 1342 958 montem
1366 929 1466 957 denuo
1490 927 1713 956 ascendebant:
1735 926 1816 962 quod

1032 986 1095 1007 esse
1109 986 1302 1014 nequaquam
1322 978 1474 1013 potuisset,
1490 976 1514 1003 si
1536 975 1575 1004 ibi
1600 974 1679 1002 ullus
1699 976 1814 1009 ventus,

1031 1025 1079 1053 vel
1093 1033 1240 1061 aquarum
1255 1025 1412 1052 inundatio
1428 1023 1539 1051 fuisset.
1562 1024 1601 1050 Ex
1621 1022 1733 1058 quihus
1753 1029 1817 1049 om-

1031 1072 1120 1100 nibus
1135 1072 1289 1100 manifeste
1300 1071 1461 1107 colligitur,
1475 1069 1559 1106 quod
1574 1077 1695 1097 aereum
1707 1068 1817 1096 coelum

1034 1121 1076 1147 est
1095 1118 1146 1147 illa
1161 1121 1244 1155 parte
1259 1118 1467 1155 purissimum,
1488 1117 1638 1152 nullisque
1652 1115 1817 1152 vaporibus

1033 1169 1075 1194 est
1090 1166 1242 1194 infectum.
1266 1168 1302 1194 De
1318 1166 1374 1193 1100
1398 1165 1497 1201 itaque
1520 1164 1595 1192 coelo
1619 1163 1762 1200 accipitur
1783 1162 1818 1190 il-

1033 1214 1087 1241 lud
1106 1216 1112 1231 ¹
1131 1222 1137 1240 :
1163 1223 1176 1239 «
1201 1212 1389 1241 Considerate
1409 1211 1543 1240 volatilia
1565 1211 1641 1245 coeli,
1667 1218 1732 1246 quae
1757 1218 1818 1237 non

1034 1262 1145 1296 serunt,
1160 1269 1215 1288 nee
1230 1262 1354 1294 metunt,
1373 1267 1426 1287 [100
1443 1260 1627 1294 congregant
1641 1258 1672 1285 in
1693 1258 1816 1292 horrea3

1035 1311 1062 1336 et
1084 1310 1184 1336 tamen
1207 1309 1290 1336 Pater
1314 1307 1440 1335 coelestis
1462 1306 1555 1343 pascit
1576 1305 1626 1333 illa
1644 1314 1650 1333 z
1673 1315 1686 1331 »
1705 1306 1820 1333 constat

1035 1356 1115 1384 enim
1137 1355 1309 1388 certissime,
1332 1354 1414 1390 quod
1436 1354 1466 1381 in
1488 1353 1547 1381 alio
1570 1352 1645 1380 coelo
1668 1360 1737 1380 aves
1757 1360 1820 1380 non

1035 1405 1113 1437 suut,
1129 1411 1220 1439 quam
1236 1402 1266 1430 in
1282 1410 1359 1430 aere.
1383 1401 1448 1429 Fuit
1462 1400 1549 1436 igitur
1563 1400 1651 1435 Virgo
1665 1399 1747 1435 regia
1762 1407 1820 1427 coe-

1034 1450 1098 1478 lum
1114 1458 1245 1484 aereum,
1261 1457 1314 1486 per
1330 1448 1538 1477 omnimodam
1552 1437 1706 1483 utriu‘sque
1722 1446 1819 1474 homi-

1035 1498 1080 1525 nis
1097 1497 1254 1533 puritatem
1271 1506 1277 1524 :
1292 1496 1372 1524 unde
1387 1496 1451 1532 ipsa
1472 1494 1527 1522 fuit
1550 1494 1677 1530 figurata
1690 1494 1721 1521 in
1735 1493 1820 1522 stella

1036 1544 1209 1578 clarissima,
1224 1552 1290 1580 quae
1304 1544 1335 1571 in
1355 1543 1430 1570 coelo
1446 1550 1533 1570 aereo
1550 1543 1701 1577 generata,
1721 1542 1820 1576 Magos

1037 1591 1121 1619 duxit
1144 1592 1183 1619 ad
1199 1591 1344 1620 Christum
1361 1599 1367 1617 :
1391 1590 1463 1626 quia
1484 1589 1608 1617 Domina
1623 1589 1723 1616 nostra
1747 1590 1818 1621 tota,

1037 1639 1075 1666 ad
1091 1639 1216 1666 modum
1231 1638 1310 1665 illius
1336 1637 1438 1672 stellae,
1463 1636 1518 1664 fuit
1543 1636 1715 1672 purissima,
1737 1635 1819 1663 omni

1037 1694 1140 1714 carens
1156 1686 1271 1722 penitus
1286 1685 1415 1718 macula,
1438 1686 1497 1712 tam
1513 1683 1544 1711 in
1567 1690 1704 1719 corpore,
1727 1690 1820 1718 quam

1037 1734 1067 1761 in
1077 1733 1187 1761 anima.
1204 1733 1285 1760 Unde
1300 1732 1353 1768 ipsi
1369 1732 1423 1759 soli
1440 1730 1578 1759 convenit
1588 1730 1683 1757 illud²
1700 1739 1706 1757 :
1722 1740 1735 1756 «
1749 1731 1819 1757 Tota

1038 1781 1162 1817 pulchra
1172 1788 1214 1816 eS,
1227 1780 1323 1808 amica
1332 1787 1410 1812 mea,
1422 1780 1449 1806 et
1457 1777 1575 1806 macula
1586 1785 1647 1805 non
1658 1778 1701 1805 est
1713 1776 1743 1804 in
1754 1779 1791 1804 te.
1803 1788 1816 1802 »

1037 1830 1101 1857 Non
1121 1827 1218 1855 solum
1234 1827 1274 1855 ait
1294 1836 1300 1854 :
1320 1827 1433 1854 Pulchra
1456 1834 1498 1860 es,
1519 1825 1549 1853 in
1572 1833 1632 1861 quo
1652 1826 1735 1852 notat
1755 1831 1821 1851 eam

1038 1883 1159 1904 omnem
1174 1874 1427 1910 pulchritudinem
1448 1873 1588 1900 habuisse
1607 1872 1750 1906 hominis,
1768 1871 1821 1898 sed

1039 1922 1142 1950 addit:
1160 1923 1196 1949 Ec
1210 1922 1316 1949 macula
1337 1929 1389 1948 non
1412 1924 1450 1948 est
1472 1922 1502 1947 in
1524 1923 1549 1947 te
1570 1928 1576 1946 :
1602 1919 1632 1947 in
1656 1927 1718 1955 quo
1739 1920 1822 1946 notat

1039 1978 1105 1997 eam
1129 1969 1244 1997 nullam
1266 1968 1416 1996 maculam
1438 1967 1604 2001 admisisse,
1631 1968 1663 1994 ut
1675 1966 1716 1993 sic
1735 1965 1823 1993 fuerit

1039 2025 1154 2045 summe
1168 2016 1292 2052 pulchra
1308 2023 1361 2051 per
1381 2015 1477 2043 omnis
1492 2014 1565 2042 boni
1580 2013 1778 2050 praesentiam,
1795 2016 1822 2041 et

1038 2064 1125 2092 fuerit
1142 2064 1256 2100 absque
1272 2063 1390 2091 macula
1408 2070 1462 2100 per
1477 2061 1574 2090 omnis
1588 2060 1660 2088 mali
1677 2062 1704 2088 et
1728 2060 1822 2096 oulpae

1039 2111 1214 2139 absentiam.
1231 2113 1262 2139 Et
1281 2110 1337 2138 1100
1354 2112 1410 2143 est,
1427 2109 1509 2145 quod
1526 2109 1595 2136 dicit
1615 2108 1771 2136 Anselmus
1786 2108 1796 2124 ³
1813 2117 1820 2135 ε

1044 2169 1056 2185 κ
1073 2159 1208 2192 Decebat,
1220 2160 1251 2185 ut
1260 2157 1339 2185 illius
1354 2156 1484 2184 hominis
1500 2158 1660 2191 conceptus
1676 2155 1712 2183 dc
1728 2156 1821 2183 matre

1039 2206 1197 2243 purissima
1209 2206 1303 2233 fieret.
1314 2207 1423 2240 Nempe
1441 2204 1549 2231 decens
1562 2205 1624 2231 erat
1638 2203 1711 2239 ut(c)
1724 2211 1759 2231 ea
1769 2211 1821 2239 pu-

1039 2254 1133 2287 ritate,
1150 2261 1208 2289 qua
1217 2253 1313 2288 major
1329 2251 1384 2279 sub
1400 2253 1458 2279 Deo
1470 2251 1573 2287 nequit
1585 2250 1720 2285 intelligi,
1732 2250 1820 2285 Virgo

1039 2301 1091 2328 illa
1106 2301 1208 2327 niteret
1225 2300 1274 2335 (at).
1291 2310 1302 2325 »
1328 2299 1403 2333 Quid
1420 2299 1516 2334 potest
1537 2297 1574 2325 de
1595 2305 1630 2325 ea
1655 2297 1711 2324 dici
1727 2297 1820 2324 subli-

1041 2348 1139 2375 mius?
1161 2347 1234 2383 quid
1259 2346 1438 2382 glorio-ius?
1463 2347 1526 2372 Haec
1556 2344 1635 2372 enim
1657 2344 1686 2371 in
1707 2345 1821 2371 tantum

1041 2397 1098 2423 Deo
1114 2394 1251 2431 proxima
1275 2394 1339 2427 fuit,
1364 2395 1504 2428 tantaque
1525 2392 1675 2419 sanctitate
1693 2391 1822 2427 resplen-

1041 2442 1114 2475 duit,
1131 2444 1158 2469 et
1173 2441 1213 2468 sic
1232 2441 1262 2468 in
1284 2448 1401 2468 summo
1427 2440 1576 2467 bonorum
1602 2438 1736 2466 omnium
1759 2438 1822 2465 cul-

1041 2497 1109 2517 men
1133 2488 1273 2522 obtinuit,
1297 2491 1327 2515 ut
1350 2489 1484 2515 ereatura
1507 2486 1627 2522 aliqua,
1653 2494 1714 2513 non
1740 2486 1822 2514 unita

1040 2536 1155 2570 Verbo,
1177 2543 1271 2571 capax
1296 2535 1418 2570 majoris
1441 2533 1513 2561 boui
1539 2541 1601 2560 non
1626 2532 1671 2561 sit.
1697 2534 1770 2561 Nam
1798 2532 1822 2565 si

1074 2612 1106 2643 (a)
1124 2612 1180 2643 Leq.
1197 2611 1323 2635 omnium.
1339 2623 1368 2628 —
1385 2609 1419 2640 (b)
1437 2610 1498 2633 Coet.
1518 2608 1578 2633 eclz't.
1595 2609 1775 2633 ascenderunt.
1792 2622 1821 2627 —

1043 2650 1071 2679 (c)
1088 2649 1147 2672 Caet.
1164 2648 1225 2671 edet.
1241 2647 1327 2671 desunt
1343 2646 1394 2669 lnaec
1409 2646 1481 2669 rerba
1497 2647 1594 2677 Nempe
1607 2646 1701 2671 decens
1715 2647 1770 2670 erat
1783 2648 1819 2670 ut.

1041 2699 1072 2705 -—
1087 2686 1125 2717 (d)
1142 2686 1205 2710 Item
1222 2684 1299 2716 Virgo
1316 2683 1358 2708 illa
1376 2682 1477 2707 niteret.

1830 507 1895 533 Olym
1898 512 1940 533 pus

1851 543 1925 564 mons,

1837 568 1931 595 ejusque

1839 600 1933 626 qualitas

1832 632 1854 651 et
1868 631 1939 651 altitu-

1832 662 1868 683 do.
