<?xml version="1.0" encoding="UTF-8"?>
<!DOCTYPE html PUBLIC "-//W3C//DTD XHTML 1.0 Transitional//EN"
    "http://www.w3.org/TR/xhtml1/DTD/xhtml1-transitional.dtd">
<html xmlns="http://www.w3.org/1999/xhtml" xml:lang="en" lang="en">
 <head>
  <title>
</title>
<meta http-equiv="Content-Type" content="text/html;charset=utf-8" />
  <meta name='ocr-system' content='tesseract 3.04.00' />
  <meta name='ocr-capabilities' content='ocr_page ocr_carea ocr_par ocr_line ocrx_word'/>
</head>
<body>
  <div class='ocr_page' id='page_1' title='image "./operaomniasixtiv14bonauoft/operaomniasixtiv14bonauoft_0562.png"; bbox 0 0 2029 3052; ppageno 0'>
   <div class='ocr_carea' id='block_1_1' title="bbox 219 238 279 270">
    <p class='ocr_par' dir='ltr' id='par_1_1' title="bbox 219 238 279 270">
     <span class='ocr_line' id='line_1_1' title="bbox 219 238 279 270; baseline -0.017 0"><span class='ocrx_word' id='word_1_1' title='bbox 219 238 279 270; x_wconf 73' lang='lat'><strong>524</strong></span> 
     </span>
    </p>
   </div>
   <div class='ocr_carea' id='block_1_2' title="bbox 212 301 1000 2777">
    <p class='ocr_par' dir='ltr' id='par_1_2' title="bbox 212 301 1000 2777">
     <span class='ocr_line' id='line_1_2' title="bbox 217 301 997 337; baseline -0.005 -1"><span class='ocrx_word' id='word_1_2' title='bbox 217 305 289 337; x_wconf 86' lang='lat' dir='ltr'><strong>&#39;cata</strong></span> <span class='ocrx_word' id='word_1_3' title='bbox 310 303 546 336; x_wconf 85' lang='lat' dir='ltr'><strong>omitterentur.</strong></span> <span class='ocrx_word' id='word_1_4' title='bbox 577 302 668 335; x_wconf 88' lang='lat' dir='ltr'><strong>Multi</strong></span> <span class='ocrx_word' id='word_1_5' title='bbox 695 302 792 334; x_wconf 87' lang='lat' dir='ltr'><strong>etiam</strong></span> <span class='ocrx_word' id='word_1_6' title='bbox 818 301 997 334; x_wconf 84' lang='lat' dir='ltr'><strong>inordinate</strong></span> 
     </span>
     <span class='ocr_line' id='line_1_3' title="bbox 218 357 998 398; baseline -0.005 -7"><span class='ocrx_word' id='word_1_7' title='bbox 218 359 534 392; x_wconf 79' lang='lat' dir='ltr'><strong>excommunicantes</strong></span> <span class='ocrx_word' id='word_1_8' title='bbox 551 357 696 390; x_wconf 86' lang='lat' dir='ltr'><strong>incidunt</strong></span> <span class='ocrx_word' id='word_1_9' title='bbox 720 357 755 388; x_wconf 87' lang='lat' dir='ltr'><strong>in</strong></span> <span class='ocrx_word' id='word_1_10' title='bbox 775 366 904 398; x_wconf 85' lang='lat' dir='ltr'><strong>poenam</strong></span> <span class='ocrx_word' id='word_1_11' title='bbox 925 365 998 388; x_wconf 90' lang='lat' dir='ltr'><strong>sus-</strong></span> 
     </span>
     <span class='ocr_line' id='line_1_4' title="bbox 217 411 995 455; baseline -0.004 -10"><span class='ocrx_word' id='word_1_12' title='bbox 217 413 391 455; x_wconf 84' lang='lat' dir='ltr'><strong>pensionis,</strong></span> <span class='ocrx_word' id='word_1_13' title='bbox 407 415 438 445; x_wconf 87' lang='lat' dir='ltr'><strong>et</strong></span> <span class='ocrx_word' id='word_1_14' title='bbox 450 411 710 453; x_wconf 81' lang='lat' dir='ltr'><strong>irregularitatis,</strong></span> <span class='ocrx_word' id='word_1_15' title='bbox 726 413 758 443; x_wconf 87' lang='lat' dir='ltr'><strong>et</strong></span> <span class='ocrx_word' id='word_1_16' title='bbox 779 420 836 452; x_wconf 86' lang='lat' dir='ltr'><strong>per</strong></span> <span class='ocrx_word' id='word_1_17' title='bbox 849 411 928 443; x_wconf 88' lang='lat' dir='ltr'><strong>alios</strong></span> <span class='ocrx_word' id='word_1_18' title='bbox 943 421 995 443; x_wconf 90' lang='lat' dir='ltr'><strong>ac-</strong></span> 
     </span>
     <span class='ocr_line' id='line_1_5' title="bbox 217 466 997 509; baseline -0.004 -9"><span class='ocrx_word' id='word_1_19' title='bbox 217 469 271 500; x_wconf 84' lang='lat' dir='ltr'><strong>tus</strong></span> <span class='ocrx_word' id='word_1_20' title='bbox 283 468 392 509; x_wconf 88' lang='lat' dir='ltr'><strong>plures</strong></span> <span class='ocrx_word' id='word_1_21' title='bbox 411 466 634 498; x_wconf 72' lang='lat' dir='ltr'><strong>inobedientiae</strong></span> <span class='ocrx_word' id='word_1_22' title='bbox 658 467 822 498; x_wconf 87' lang='lat' dir='ltr'><strong>merentur</strong></span> <span class='ocrx_word' id='word_1_23' title='bbox 845 466 997 506; x_wconf 85' lang='lat' dir='ltr'>suspendi</span> 
     </span>
     <span class='ocr_line' id='line_1_6' title="bbox 217 519 997 560; baseline -0.004 -7"><span class='ocrx_word' id='word_1_24' title='bbox 217 522 258 554; x_wconf 84' lang='lat' dir='ltr'><strong>ab</strong></span> <span class='ocrx_word' id='word_1_25' title='bbox 278 521 392 560; x_wconf 80' lang='lat' dir='ltr'><strong>officio,</strong></span> <span class='ocrx_word' id='word_1_26' title='bbox 408 522 440 552; x_wconf 85' lang='lat' dir='ltr'><strong>et</strong></span> <span class='ocrx_word' id='word_1_27' title='bbox 460 520 607 551; x_wconf 81' lang='lat' dir='ltr'><strong>inefficax</strong></span> <span class='ocrx_word' id='word_1_28' title='bbox 629 520 667 551; x_wconf 83' lang='lat' dir='ltr'><strong>fit</strong></span> <span class='ocrx_word' id='word_1_29' title='bbox 687 528 802 551; x_wconf 90' lang='lat' dir='ltr'><strong>eorum</strong></span> <span class='ocrx_word' id='word_1_30' title='bbox 826 519 997 550; x_wconf 86' lang='lat' dir='ltr'><strong>auctoritas</strong></span> 
     </span>
     <span class='ocr_line' id='line_1_7' title="bbox 216 573 996 613; baseline -0.006 -5"><span class='ocrx_word' id='word_1_31' title='bbox 216 576 252 607; x_wconf 91' lang='lat' dir='ltr'><strong>in</strong></span> <span class='ocrx_word' id='word_1_32' title='bbox 275 575 419 608; x_wconf 90' lang='lat' dir='ltr'><strong>subditos</strong></span> <span class='ocrx_word' id='word_1_33' title='bbox 443 584 531 606; x_wconf 80' lang='lat' dir='ltr'><strong>suos,</strong></span> <span class='ocrx_word' id='word_1_34' title='bbox 556 574 682 606; x_wconf 84' lang='lat' dir='ltr'><strong>Scimus</strong></span> <span class='ocrx_word' id='word_1_35' title='bbox 703 573 810 613; x_wconf 90' lang='lat' dir='ltr'><strong>etiam,</strong></span> <span class='ocrx_word' id='word_1_36' title='bbox 833 573 918 613; x_wconf 90' lang='lat' dir='ltr'><strong>quod</strong></span> <span class='ocrx_word' id='word_1_37' title='bbox 940 573 996 613; x_wconf 90' lang='lat' dir='ltr'><strong>qui</strong></span> 
     </span>
     <span class='ocr_line' id='line_1_8' title="bbox 216 626 998 671; baseline -0.006 -9"><span class='ocrx_word' id='word_1_38' title='bbox 216 631 264 663; x_wconf 89' lang='lat' dir='ltr'><strong>est</strong></span> <span class='ocrx_word' id='word_1_39' title='bbox 279 630 313 661; x_wconf 90' lang='lat' dir='ltr'><strong>in</strong></span> <span class='ocrx_word' id='word_1_40' title='bbox 327 630 455 671; x_wconf 86' lang='lat' dir='ltr'><strong>peccato</strong></span> <span class='ocrx_word' id='word_1_41' title='bbox 469 628 610 667; x_wconf 78' lang='lat' dir='ltr'><strong>mortali,</strong></span> <span class='ocrx_word' id='word_1_42' title='bbox 627 637 701 660; x_wconf 90' lang='lat' dir='ltr'><strong>cum</strong></span> <span class='ocrx_word' id='word_1_43' title='bbox 718 627 778 658; x_wconf 87' lang='lat' dir='ltr'><strong>sihi</strong></span> <span class='ocrx_word' id='word_1_44' title='bbox 798 626 883 658; x_wconf 90' lang='lat' dir='ltr'><strong>Deus</strong></span> <span class='ocrx_word' id='word_1_45' title='bbox 897 626 998 658; x_wconf 89' lang='lat' dir='ltr'><strong>iratus</strong></span> 
     </span>
     <span class='ocr_line' id='line_1_9' title="bbox 215 681 997 725; baseline -0.005 -9"><span class='ocrx_word' id='word_1_46' title='bbox 215 685 268 725; x_wconf 88' lang='lat' dir='ltr'><strong>sit,</strong></span> <span class='ocrx_word' id='word_1_47' title='bbox 278 693 344 716; x_wconf 91' lang='lat' dir='ltr'><strong>non</strong></span> <span class='ocrx_word' id='word_1_48' title='bbox 357 683 461 725; x_wconf 86' lang='lat' dir='ltr'><strong>placat</strong></span> <span class='ocrx_word' id='word_1_49' title='bbox 475 692 553 716; x_wconf 89' lang='lat' dir='ltr'><strong>eum</strong></span> <span class='ocrx_word' id='word_1_50' title='bbox 567 692 627 724; x_wconf 91' lang='lat' dir='ltr'><strong>pro</strong></span> <span class='ocrx_word' id='word_1_51' title='bbox 641 682 703 714; x_wconf 88' lang='lat' dir='ltr'><strong>alio</strong></span> <span class='ocrx_word' id='word_1_52' title='bbox 718 683 895 723; x_wconf 79' lang='lat' dir='ltr'>peccatore.</span> <span class='ocrx_word' id='word_1_53' title='bbox 908 681 997 721; x_wconf 84' lang='lat' dir='ltr'><strong>Ergo</strong></span> 
     </span>
     <span class='ocr_line' id='line_1_10' title="bbox 215 735 998 778; baseline -0.006 -8"><span class='ocrx_word' id='word_1_54' title='bbox 215 738 318 771; x_wconf 89' lang='lat' dir='ltr'><strong>oratio</strong></span> <span class='ocrx_word' id='word_1_55' title='bbox 332 737 439 770; x_wconf 88' lang='lat' dir='ltr'><strong>clerici</strong></span> <span class='ocrx_word' id='word_1_56' title='bbox 459 738 494 769; x_wconf 91' lang='lat' dir='ltr'><strong>in</strong></span> <span class='ocrx_word' id='word_1_57' title='bbox 516 739 645 778; x_wconf 89' lang='lat' dir='ltr'><strong>peccato</strong></span> <span class='ocrx_word' id='word_1_58' title='bbox 664 737 760 777; x_wconf 89' lang='lat' dir='ltr'><strong>positi</strong></span> <span class='ocrx_word' id='word_1_59' title='bbox 781 735 930 766; x_wconf 84' lang='lat' dir='ltr'><strong>inefficax</strong></span> <span class='ocrx_word' id='word_1_60' title='bbox 950 736 998 766; x_wconf 87' lang='lat' dir='ltr'><strong>est</strong></span> 
     </span>
     <span class='ocr_line' id='line_1_11' title="bbox 215 790 997 833; baseline -0.005 -9"><span class='ocrx_word' id='word_1_61' title='bbox 215 793 288 832; x_wconf 88' lang='lat' dir='ltr'><strong>sihi,</strong></span> <span class='ocrx_word' id='word_1_62' title='bbox 302 794 333 824; x_wconf 91' lang='lat' dir='ltr'><strong>et</strong></span> <span class='ocrx_word' id='word_1_63' title='bbox 350 792 421 824; x_wconf 87' lang='lat' dir='ltr'><strong>aliis</strong></span> <span class='ocrx_word' id='word_1_64' title='bbox 436 792 492 833; x_wconf 90' lang='lat' dir='ltr'><strong>qui</strong></span> <span class='ocrx_word' id='word_1_65' title='bbox 511 791 653 823; x_wconf 85' lang='lat' dir='ltr'><strong>offerunt</strong></span> <span class='ocrx_word' id='word_1_66' title='bbox 673 791 702 822; x_wconf 91' lang='lat' dir='ltr'><strong>ei</strong></span> <span class='ocrx_word' id='word_1_67' title='bbox 720 790 949 830; x_wconf 86' lang='lat' dir='ltr'><strong>eleemosynas,</strong></span> <span class='ocrx_word' id='word_1_68' title='bbox 961 791 997 821; x_wconf 88' lang='lat' dir='ltr'><strong>ut</strong></span> 
     </span>
     <span class='ocr_line' id='line_1_12' title="bbox 215 844 995 887; baseline -0.005 -9"><span class='ocrx_word' id='word_1_69' title='bbox 215 848 284 878; x_wconf 90' lang='lat' dir='ltr'><strong>oret</strong></span> <span class='ocrx_word' id='word_1_70' title='bbox 297 855 357 887; x_wconf 90' lang='lat' dir='ltr'><strong>pro</strong></span> <span class='ocrx_word' id='word_1_71' title='bbox 375 846 448 878; x_wconf 89' lang='lat' dir='ltr'><strong>illis.</strong></span> <span class='ocrx_word' id='word_1_72' title='bbox 466 846 545 877; x_wconf 83' lang='lat' dir='ltr'><strong>Item</strong></span> <span class='ocrx_word' id='word_1_73' title='bbox 560 845 695 876; x_wconf 88' lang='lat' dir='ltr'><strong>clericus</strong></span> <span class='ocrx_word' id='word_1_74' title='bbox 709 844 863 881; x_wconf 86' lang='lat' dir='ltr'><strong>lubricus,</strong></span> <span class='ocrx_word' id='word_1_75' title='bbox 879 851 995 882; x_wconf 88' lang='lat' dir='ltr'><strong>vanus,</strong></span> 
     </span>
     <span class='ocr_line' id='line_1_13' title="bbox 215 898 997 941; baseline -0.004 -9"><span class='ocrx_word' id='word_1_76' title='bbox 215 903 247 932; x_wconf 89' lang='lat' dir='ltr'><strong>et</strong></span> <span class='ocrx_word' id='word_1_77' title='bbox 259 900 343 932; x_wconf 82' lang='lat' dir='ltr'><strong>male</strong></span> <span class='ocrx_word' id='word_1_78' title='bbox 359 900 542 941; x_wconf 85' lang='lat' dir='ltr'><strong>expendens</strong></span> <span class='ocrx_word' id='word_1_79' title='bbox 559 908 610 931; x_wconf 90' lang='lat' dir='ltr'><strong>res</strong></span> <span class='ocrx_word' id='word_1_80' title='bbox 635 898 783 930; x_wconf 75' lang='lat' dir='ltr'><strong>Ecclesiae</strong></span> <span class='ocrx_word' id='word_1_81' title='bbox 795 922 804 936; x_wconf 95' lang='lat'><strong>,</strong></span> <span class='ocrx_word' id='word_1_82' title='bbox 822 907 887 939; x_wconf 88' lang='lat' dir='ltr'><strong>quo</strong></span> <span class='ocrx_word' id='word_1_83' title='bbox 903 898 997 938; x_wconf 83' lang='lat' dir='ltr'><strong>plura</strong></span> 
     </span>
     <span class='ocr_line' id='line_1_14' title="bbox 214 951 996 995; baseline -0.005 -9"><span class='ocrx_word' id='word_1_84' title='bbox 214 954 374 994; x_wconf 86' lang='lat' dir='ltr'><strong>habuerit,</strong></span> <span class='ocrx_word' id='word_1_85' title='bbox 391 955 463 995; x_wconf 91' lang='lat' dir='ltr'><strong>plus</strong></span> <span class='ocrx_word' id='word_1_86' title='bbox 477 955 597 995; x_wconf 89' lang='lat' dir='ltr'><strong>peccat.</strong></span> <span class='ocrx_word' id='word_1_87' title='bbox 615 953 676 985; x_wconf 89' lang='lat' dir='ltr'><strong>Sed</strong></span> <span class='ocrx_word' id='word_1_88' title='bbox 689 953 745 993; x_wconf 88' lang='lat' dir='ltr'><strong>qui</strong></span> <span class='ocrx_word' id='word_1_89' title='bbox 759 952 805 983; x_wconf 91' lang='lat' dir='ltr'><strong>illi</strong></span> <span class='ocrx_word' id='word_1_90' title='bbox 819 952 896 983; x_wconf 89' lang='lat' dir='ltr'><strong>dant</strong></span> <span class='ocrx_word' id='word_1_91' title='bbox 911 951 996 983; x_wconf 89' lang='lat' dir='ltr'><strong>obla-</strong></span> 
     </span>
     <span class='ocr_line' id='line_1_15' title="bbox 214 1006 997 1049; baseline -0.005 -9"><span class='ocrx_word' id='word_1_92' title='bbox 214 1009 327 1048; x_wconf 84' lang='lat' dir='ltr'><strong>tiones,</strong></span> <span class='ocrx_word' id='word_1_93' title='bbox 344 1011 376 1040; x_wconf 86' lang='lat' dir='ltr'><strong>et</strong></span> <span class='ocrx_word' id='word_1_94' title='bbox 396 1009 468 1047; x_wconf 86' lang='lat' dir='ltr'><strong>alia,</strong></span> <span class='ocrx_word' id='word_1_95' title='bbox 488 1009 679 1049; x_wconf 88' lang='lat' dir='ltr'><strong>promovent</strong></span> <span class='ocrx_word' id='word_1_96' title='bbox 701 1015 777 1038; x_wconf 91' lang='lat' dir='ltr'><strong>eum</strong></span> <span class='ocrx_word' id='word_1_97' title='bbox 797 1006 837 1037; x_wconf 89' lang='lat' dir='ltr'><strong>ad</strong></span> <span class='ocrx_word' id='word_1_98' title='bbox 858 1006 997 1047; x_wconf 87' lang='lat' dir='ltr'><strong>amplius</strong></span> 
     </span>
     <span class='ocr_line' id='line_1_16' title="bbox 214 1060 996 1105; baseline -0.006 -9"><span class='ocrx_word' id='word_1_99' title='bbox 214 1064 412 1105; x_wconf 87' lang='lat' dir='ltr'><strong>peccandum</strong></span> <span class='ocrx_word' id='word_1_100' title='bbox 428 1073 436 1094; x_wconf 89' lang='lat'>:</span> <span class='ocrx_word' id='word_1_101' title='bbox 453 1063 581 1104; x_wconf 79' lang='lat' dir='ltr'><strong>expedit</strong></span> <span class='ocrx_word' id='word_1_102' title='bbox 595 1071 674 1102; x_wconf 80' lang='lat' dir='ltr'><strong>ergo</strong></span> <span class='ocrx_word' id='word_1_103' title='bbox 689 1062 718 1093; x_wconf 89' lang='lat' dir='ltr'><strong>ei</strong></span> <span class='ocrx_word' id='word_1_104' title='bbox 732 1070 798 1092; x_wconf 91' lang='lat' dir='ltr'><strong>non</strong></span> <span class='ocrx_word' id='word_1_105' title='bbox 811 1061 890 1092; x_wconf 88' lang='lat' dir='ltr'><strong>dari.</strong></span> <span class='ocrx_word' id='word_1_106' title='bbox 916 1060 996 1091; x_wconf 89' lang='lat' dir='ltr'><strong>ltem</strong></span> 
     </span>
     <span class='ocr_line' id='line_1_17' title="bbox 215 1115 996 1160; baseline -0.008 -9"><span class='ocrx_word' id='word_1_107' title='bbox 215 1120 271 1160; x_wconf 91' lang='lat' dir='ltr'><strong>qui</strong></span> <span class='ocrx_word' id='word_1_108' title='bbox 292 1119 404 1159; x_wconf 82' lang='lat' dir='ltr'><strong>recipit</strong></span> <span class='ocrx_word' id='word_1_109' title='bbox 427 1118 568 1159; x_wconf 87' lang='lat' dir='ltr'><strong>pretium</strong></span> <span class='ocrx_word' id='word_1_110' title='bbox 586 1116 692 1158; x_wconf 90' lang='lat' dir='ltr'><strong>operis</strong></span> <span class='ocrx_word' id='word_1_111' title='bbox 711 1115 862 1156; x_wconf 79' lang='lat' dir='ltr'><strong>alicujuS,</strong></span> <span class='ocrx_word' id='word_1_112' title='bbox 879 1117 910 1146; x_wconf 88' lang='lat' dir='ltr'><strong>et</strong></span> <span class='ocrx_word' id='word_1_113' title='bbox 930 1124 996 1146; x_wconf 90' lang='lat' dir='ltr'><strong>non</strong></span> 
     </span>
     <span class='ocr_line' id='line_1_18' title="bbox 215 1170 997 1213; baseline -0.008 -7"><span class='ocrx_word' id='word_1_114' title='bbox 215 1174 363 1212; x_wconf 89' lang='lat' dir='ltr'><strong>deservit,</strong></span> <span class='ocrx_word' id='word_1_115' title='bbox 381 1173 463 1205; x_wconf 89' lang='lat' dir='ltr'><strong>male</strong></span> <span class='ocrx_word' id='word_1_116' title='bbox 485 1173 597 1213; x_wconf 87' lang='lat' dir='ltr'><strong>recipit</strong></span> <span class='ocrx_word' id='word_1_117' title='bbox 617 1183 624 1203; x_wconf 90' lang='lat'>:</span> <span class='ocrx_word' id='word_1_118' title='bbox 646 1172 701 1203; x_wconf 89' lang='lat' dir='ltr'><strong>sed</strong></span> <span class='ocrx_word' id='word_1_119' title='bbox 723 1170 857 1202; x_wconf 90' lang='lat' dir='ltr'><strong>clericus</strong></span> <span class='ocrx_word' id='word_1_120' title='bbox 875 1170 997 1202; x_wconf 85' lang='lat' dir='ltr'><strong>habens</strong></span> 
     </span>
     <span class='ocr_line' id='line_1_19' title="bbox 215 1224 995 1266; baseline -0.004 -7"><span class='ocrx_word' id='word_1_121' title='bbox 215 1237 328 1260; x_wconf 87' lang='lat' dir='ltr'><strong>curam</strong></span> <span class='ocrx_word' id='word_1_122' title='bbox 342 1228 536 1266; x_wconf 89' lang='lat' dir='ltr'><strong>animarum,</strong></span> <span class='ocrx_word' id='word_1_123' title='bbox 551 1228 582 1258; x_wconf 89' lang='lat' dir='ltr'><strong>et</strong></span> <span class='ocrx_word' id='word_1_124' title='bbox 596 1235 661 1258; x_wconf 90' lang='lat' dir='ltr'><strong>non</strong></span> <span class='ocrx_word' id='word_1_125' title='bbox 683 1225 801 1257; x_wconf 88' lang='lat' dir='ltr'><strong>faciens</strong></span> <span class='ocrx_word' id='word_1_126' title='bbox 815 1233 889 1265; x_wconf 85' lang='lat' dir='ltr'><strong>quae</strong></span> <span class='ocrx_word' id='word_1_127' title='bbox 902 1224 995 1257; x_wconf 86' lang='lat' dir='ltr'><strong>debet</strong></span> 
     </span>
     <span class='ocr_line' id='line_1_20' title="bbox 215 1279 994 1320; baseline -0.004 -7"><span class='ocrx_word' id='word_1_128' title='bbox 215 1282 335 1314; x_wconf 89' lang='lat' dir='ltr'><strong>eisdem</strong></span> <span class='ocrx_word' id='word_1_129' title='bbox 350 1282 384 1313; x_wconf 91' lang='lat' dir='ltr'><strong>in</strong></span> <span class='ocrx_word' id='word_1_130' title='bbox 396 1282 539 1314; x_wconf 87' lang='lat' dir='ltr'><strong>doctrina</strong></span> <span class='ocrx_word' id='word_1_131' title='bbox 552 1281 674 1319; x_wconf 79' lang='lat' dir='ltr'><strong>salutis,</strong></span> <span class='ocrx_word' id='word_1_132' title='bbox 689 1282 720 1311; x_wconf 90' lang='lat' dir='ltr'><strong>et</strong></span> <span class='ocrx_word' id='word_1_133' title='bbox 734 1280 819 1311; x_wconf 88' lang='lat' dir='ltr'><strong>bono</strong></span> <span class='ocrx_word' id='word_1_134' title='bbox 835 1279 994 1320; x_wconf 83' lang='lat' dir='ltr'><strong>exemplo,</strong></span> 
     </span>
     <span class='ocr_line' id='line_1_21' title="bbox 215 1334 998 1375; baseline -0.005 -7"><span class='ocrx_word' id='word_1_135' title='bbox 215 1338 246 1369; x_wconf 84' lang='lat' dir='ltr'><strong>et</strong></span> <span class='ocrx_word' id='word_1_136' title='bbox 260 1337 380 1368; x_wconf 84' lang='lat' dir='ltr'><strong>efficaci</strong></span> <span class='ocrx_word' id='word_1_137' title='bbox 399 1337 553 1375; x_wconf 87' lang='lat' dir='ltr'><strong>oratione,</strong></span> <span class='ocrx_word' id='word_1_138' title='bbox 571 1338 602 1367; x_wconf 90' lang='lat' dir='ltr'><strong>et</strong></span> <span class='ocrx_word' id='word_1_139' title='bbox 619 1335 724 1367; x_wconf 87' lang='lat' dir='ltr'><strong>debita</strong></span> <span class='ocrx_word' id='word_1_140' title='bbox 741 1334 946 1372; x_wconf 83' lang='lat' dir='ltr'><strong>correctione,</strong></span> <span class='ocrx_word' id='word_1_141' title='bbox 967 1335 998 1365; x_wconf 91' lang='lat' dir='ltr'><strong>et</strong></span> 
     </span>
     <span class='ocr_line' id='line_1_22' title="bbox 214 1387 996 1431; baseline -0.005 -9"><span class='ocrx_word' id='word_1_142' title='bbox 214 1391 249 1422; x_wconf 94' lang='lat' dir='ltr'><strong>in</strong></span> <span class='ocrx_word' id='word_1_143' title='bbox 268 1391 350 1430; x_wconf 81' lang='lat' dir='ltr'><strong>aliis,</strong></span> <span class='ocrx_word' id='word_1_144' title='bbox 370 1393 478 1431; x_wconf 88' lang='lat' dir='ltr'><strong>peceat</strong></span> <span class='ocrx_word' id='word_1_145' title='bbox 503 1390 685 1430; x_wconf 87' lang='lat' dir='ltr'><strong>recipiendo</strong></span> <span class='ocrx_word' id='word_1_146' title='bbox 711 1388 870 1429; x_wconf 88' lang='lat' dir='ltr'><strong>stipendia</strong></span> <span class='ocrx_word' id='word_1_147' title='bbox 897 1387 996 1419; x_wconf 90' lang='lat' dir='ltr'><strong>eccle-</strong></span> 
     </span>
     <span class='ocr_line' id='line_1_23' title="bbox 216 1442 997 1485; baseline -0.005 -9"><span class='ocrx_word' id='word_1_148' title='bbox 216 1445 354 1483; x_wconf 89' lang='lat' dir='ltr'><strong>siastica,</strong></span> <span class='ocrx_word' id='word_1_149' title='bbox 377 1453 451 1485; x_wconf 82' lang='lat' dir='ltr'><strong>quae</strong></span> <span class='ocrx_word' id='word_1_150' title='bbox 473 1453 539 1475; x_wconf 90' lang='lat' dir='ltr'><strong>non</strong></span> <span class='ocrx_word' id='word_1_151' title='bbox 560 1443 698 1475; x_wconf 84' lang='lat' dir='ltr'><strong>deservit</strong></span> <span class='ocrx_word' id='word_1_152' title='bbox 718 1444 755 1474; x_wconf 93' lang='lat' dir='ltr'><strong>ut</strong></span> <span class='ocrx_word' id='word_1_153' title='bbox 775 1442 869 1473; x_wconf 90' lang='lat' dir='ltr'><strong>debet</strong></span> <span class='ocrx_word' id='word_1_154' title='bbox 886 1452 892 1472; x_wconf 94' lang='lat'>:</span> <span class='ocrx_word' id='word_1_155' title='bbox 916 1450 997 1481; x_wconf 86' lang='lat' dir='ltr'><strong>ergo</strong></span> 
     </span>
     <span class='ocr_line' id='line_1_24' title="bbox 215 1495 998 1535; baseline -0.006 -5"><span class='ocrx_word' id='word_1_156' title='bbox 215 1508 281 1530; x_wconf 94' lang='lat' dir='ltr'><strong>non</strong></span> <span class='ocrx_word' id='word_1_157' title='bbox 295 1499 447 1530; x_wconf 85' lang='lat' dir='ltr'><strong>deberent</strong></span> <span class='ocrx_word' id='word_1_158' title='bbox 460 1498 490 1530; x_wconf 90' lang='lat' dir='ltr'><strong>ei</strong></span> <span class='ocrx_word' id='word_1_159' title='bbox 503 1498 582 1535; x_wconf 82' lang='lat' dir='ltr'><strong>dari,</strong></span> <span class='ocrx_word' id='word_1_160' title='bbox 597 1507 637 1528; x_wconf 91' lang='lat' dir='ltr'><strong>ne</strong></span> <span class='ocrx_word' id='word_1_161' title='bbox 649 1497 778 1528; x_wconf 83' lang='lat' dir='ltr'><strong>daretur</strong></span> <span class='ocrx_word' id='word_1_162' title='bbox 792 1495 914 1527; x_wconf 83' lang='lat' dir='ltr'><strong>occasio</strong></span> <span class='ocrx_word' id='word_1_163' title='bbox 924 1504 998 1535; x_wconf 86' lang='lat' dir='ltr'><strong>pec-</strong></span> 
     </span>
     <span class='ocr_line' id='line_1_25' title="bbox 216 1548 998 1593; baseline -0.006 -9"><span class='ocrx_word' id='word_1_164' title='bbox 216 1553 287 1584; x_wconf 85' lang='lat' dir='ltr'><strong>cati.</strong></span> <span class='ocrx_word' id='word_1_165' title='bbox 305 1553 407 1591; x_wconf 83' lang='lat' dir='ltr'><strong>Quam</strong></span> <span class='ocrx_word' id='word_1_166' title='bbox 428 1551 610 1593; x_wconf 83' lang='lat' dir='ltr'><strong>paucissimi</strong></span> <span class='ocrx_word' id='word_1_167' title='bbox 632 1553 739 1582; x_wconf 86' lang='lat' dir='ltr'><strong>autem</strong></span> <span class='ocrx_word' id='word_1_168' title='bbox 762 1550 795 1580; x_wconf 92' lang='lat' dir='ltr'><strong>in</strong></span> <span class='ocrx_word' id='word_1_169' title='bbox 818 1549 911 1580; x_wconf 86' lang='lat' dir='ltr'><strong>terris</strong></span> <span class='ocrx_word' id='word_1_170' title='bbox 931 1548 998 1579; x_wconf 86' lang='lat' dir='ltr'><strong>istis</strong></span> 
     </span>
     <span class='ocr_line' id='line_1_26' title="bbox 212 1603 999 1648; baseline -0.009 -9"><span class='ocrx_word' id='word_1_171' title='bbox 212 1609 279 1648; x_wconf 60' lang='lat' dir='ltr'><strong>,iam</strong></span> <span class='ocrx_word' id='word_1_172' title='bbox 296 1607 509 1648; x_wconf 84' lang='lat' dir='ltr'><strong>reperiantur,</strong></span> <span class='ocrx_word' id='word_1_173' title='bbox 522 1605 577 1645; x_wconf 87' lang='lat' dir='ltr'><strong>qui</strong></span> <span class='ocrx_word' id='word_1_174' title='bbox 588 1605 694 1636; x_wconf 81' lang='lat' dir='ltr'><strong>debito</strong></span> <span class='ocrx_word' id='word_1_175' title='bbox 710 1604 805 1635; x_wconf 90' lang='lat' dir='ltr'><strong>modo</strong></span> <span class='ocrx_word' id='word_1_176' title='bbox 823 1603 999 1633; x_wconf 85' lang='lat' dir='ltr'><strong>ministeria</strong></span> 
     </span>
     <span class='ocr_line' id='line_1_27' title="bbox 216 1656 998 1703; baseline -0.008 -10"><span class='ocrx_word' id='word_1_177' title='bbox 216 1663 368 1703; x_wconf 82' lang='lat' dir='ltr'><strong>praestent</strong></span> <span class='ocrx_word' id='word_1_178' title='bbox 399 1660 569 1692; x_wconf 79' lang='lat' dir='ltr'><strong>animabus</strong></span> <span class='ocrx_word' id='word_1_179' title='bbox 593 1659 653 1689; x_wconf 91' lang='lat' dir='ltr'><strong>sibi</strong></span> <span class='ocrx_word' id='word_1_180' title='bbox 681 1657 881 1696; x_wconf 76' lang='lat' dir='ltr'><strong>commissis,</strong></span> <span class='ocrx_word' id='word_1_181' title='bbox 912 1656 998 1697; x_wconf 87' lang='lat' dir='ltr'><strong>quod</strong></span> 
     </span>
     <span class='ocr_line' id='line_1_28' title="bbox 215 1711 999 1753; baseline -0.008 -6"><span class='ocrx_word' id='word_1_182' title='bbox 215 1716 314 1747; x_wconf 89' lang='lat' dir='ltr'><strong>nimis</strong></span> <span class='ocrx_word' id='word_1_183' title='bbox 331 1718 378 1747; x_wconf 90' lang='lat' dir='ltr'><strong>est</strong></span> <span class='ocrx_word' id='word_1_184' title='bbox 401 1714 591 1751; x_wconf 82' lang='lat' dir='ltr'><strong>miserabile,</strong></span> <span class='ocrx_word' id='word_1_185' title='bbox 609 1715 640 1744; x_wconf 89' lang='lat' dir='ltr'><strong>et</strong></span> <span class='ocrx_word' id='word_1_186' title='bbox 659 1713 714 1753; x_wconf 88' lang='lat' dir='ltr'><strong>qui</strong></span> <span class='ocrx_word' id='word_1_187' title='bbox 731 1714 786 1743; x_wconf 79' lang='lat' dir='ltr'><strong>aut</strong></span> <span class='ocrx_word' id='word_1_188' title='bbox 809 1721 850 1742; x_wconf 80' lang='lat' dir='ltr'><strong>ex</strong></span> <span class='ocrx_word' id='word_1_189' title='bbox 875 1711 999 1741; x_wconf 79' lang='lat' dir='ltr'><strong>defectu</strong></span> 
     </span>
     <span class='ocr_line' id='line_1_29' title="bbox 212 1765 998 1811; baseline -0.008 -10"><span class='ocrx_word' id='word_1_190' title='bbox 212 1770 308 1811; x_wconf 75' lang='lat' dir='ltr'><strong>JuriS,</strong></span> <span class='ocrx_word' id='word_1_191' title='bbox 324 1771 380 1800; x_wconf 85' lang='lat' dir='ltr'><strong>aut</strong></span> <span class='ocrx_word' id='word_1_192' title='bbox 402 1768 555 1805; x_wconf 66' lang='lat' dir='ltr'><strong>scientiae,</strong></span> <span class='ocrx_word' id='word_1_193' title='bbox 570 1769 625 1798; x_wconf 87' lang='lat' dir='ltr'><strong>aut</strong></span> <span class='ocrx_word' id='word_1_194' title='bbox 646 1767 733 1805; x_wconf 61' lang='lat' dir='ltr'><strong>vitaz,</strong></span> <span class='ocrx_word' id='word_1_195' title='bbox 749 1768 804 1797; x_wconf 88' lang='lat' dir='ltr'><strong>aut</strong></span> <span class='ocrx_word' id='word_1_196' title='bbox 820 1765 998 1805; x_wconf 65' lang='lat' dir='ltr'><strong>diligentiae</strong></span> 
     </span>
     <span class='ocr_line' id='line_1_30' title="bbox 215 1819 999 1862; baseline -0.008 -7"><span class='ocrx_word' id='word_1_197' title='bbox 215 1824 298 1855; x_wconf 87' lang='lat' dir='ltr'><strong>circa</strong></span> <span class='ocrx_word' id='word_1_198' title='bbox 319 1832 383 1862; x_wconf 81' lang='lat' dir='ltr'><strong>eaS‚</strong></span> <span class='ocrx_word' id='word_1_199' title='bbox 400 1824 458 1854; x_wconf 90' lang='lat' dir='ltr'><strong>aut</strong></span> <span class='ocrx_word' id='word_1_200' title='bbox 471 1822 580 1853; x_wconf 70' lang='lat' dir='ltr'><strong>liberae</strong></span> <span class='ocrx_word' id='word_1_201' title='bbox 599 1820 811 1852; x_wconf 79' lang='lat' dir='ltr'><strong>exsecutionis</strong></span> <span class='ocrx_word' id='word_1_202' title='bbox 834 1819 929 1851; x_wconf 83' lang='lat' dir='ltr'><strong>officii</strong></span> <span class='ocrx_word' id='word_1_203' title='bbox 948 1819 999 1850; x_wconf 84' lang='lat' dir='ltr'><strong>sui</strong></span> 
     </span>
     <span class='ocr_line' id='line_1_31' title="bbox 214 1873 999 1915; baseline -0.006 -7"><span class='ocrx_word' id='word_1_204' title='bbox 214 1877 296 1908; x_wconf 90' lang='lat' dir='ltr'><strong>nihil</strong></span> <span class='ocrx_word' id='word_1_205' title='bbox 321 1877 460 1908; x_wconf 87' lang='lat' dir='ltr'><strong>habeant</strong></span> <span class='ocrx_word' id='word_1_206' title='bbox 488 1873 758 1915; x_wconf 84' lang='lat' dir='ltr'><strong>reprehensibile,</strong></span> <span class='ocrx_word' id='word_1_207' title='bbox 786 1875 817 1904; x_wconf 88' lang='lat' dir='ltr'><strong>et</strong></span> <span class='ocrx_word' id='word_1_208' title='bbox 839 1873 924 1913; x_wconf 87' lang='lat' dir='ltr'><strong>quod</strong></span> <span class='ocrx_word' id='word_1_209' title='bbox 945 1882 999 1904; x_wconf 89' lang='lat' dir='ltr'><strong>eos</strong></span> 
     </span>
     <span class='ocr_line' id='line_1_32' title="bbox 215 1927 999 1967; baseline -0.006 -5"><span class='ocrx_word' id='word_1_210' title='bbox 215 1931 270 1963; x_wconf 83' lang='lat' dir='ltr'><strong>tali</strong></span> <span class='ocrx_word' id='word_1_211' title='bbox 285 1931 390 1962; x_wconf 84' lang='lat' dir='ltr'><strong>officio</strong></span> <span class='ocrx_word' id='word_1_212' title='bbox 409 1929 520 1960; x_wconf 85' lang='lat' dir='ltr'><strong>reddat</strong></span> <span class='ocrx_word' id='word_1_213' title='bbox 547 1928 710 1967; x_wconf 65' lang='lat' dir='ltr'><strong>indignos</strong></span> <span class='ocrx_word' id='word_1_214' title='bbox 734 1927 900 1965; x_wconf 82' lang='lat' dir='ltr'><strong>Quomodo</strong></span> <span class='ocrx_word' id='word_1_215' title='bbox 922 1936 999 1958; x_wconf 74' lang='lat' dir='ltr'><strong>vero</strong></span> 
     </span>
     <span class='ocr_line' id='line_1_33' title="bbox 214 1981 1000 2023; baseline -0.006 -7"><span class='ocrx_word' id='word_1_216' title='bbox 214 1987 280 2017; x_wconf 84' lang='lat' dir='ltr'><strong>tota</strong></span> <span class='ocrx_word' id='word_1_217' title='bbox 304 1984 441 2016; x_wconf 83' lang='lat' dir='ltr'><strong>Ecclesia</strong></span> <span class='ocrx_word' id='word_1_218' title='bbox 461 1992 517 2023; x_wconf 94' lang='lat' dir='ltr'><strong>per</strong></span> <span class='ocrx_word' id='word_1_219' title='bbox 541 1982 625 2013; x_wconf 88' lang='lat' dir='ltr'><strong>mala</strong></span> <span class='ocrx_word' id='word_1_220' title='bbox 645 1981 792 2022; x_wconf 79' lang='lat' dir='ltr'><strong>exempla</strong></span> <span class='ocrx_word' id='word_1_221' title='bbox 810 1981 1000 2012; x_wconf 87' lang='lat' dir='ltr'><strong>clericorum</strong></span> 
     </span>
     <span class='ocr_line' id='line_1_34' title="bbox 215 2035 1000 2076; baseline -0.005 -6"><span class='ocrx_word' id='word_1_222' title='bbox 215 2041 247 2070; x_wconf 86' lang='lat' dir='ltr'><strong>et</strong></span> <span class='ocrx_word' id='word_1_223' title='bbox 269 2038 438 2070; x_wconf 85' lang='lat' dir='ltr'><strong>avaritiam</strong></span> <span class='ocrx_word' id='word_1_224' title='bbox 456 2038 695 2076; x_wconf 82' lang='lat' dir='ltr'><strong>corrumpatur,</strong></span> <span class='ocrx_word' id='word_1_225' title='bbox 715 2038 746 2067; x_wconf 87' lang='lat' dir='ltr'><strong>et</strong></span> <span class='ocrx_word' id='word_1_226' title='bbox 766 2035 1000 2075; x_wconf 78' lang='lat' dir='ltr'><strong>negligentiam</strong></span> 
     </span>
     <span class='ocr_line' id='line_1_35' title="bbox 215 2090 1000 2130; baseline -0.005 -6"><span class='ocrx_word' id='word_1_227' title='bbox 215 2093 420 2130; x_wconf 83' lang='lat' dir='ltr'><strong>deformetur,</strong></span> <span class='ocrx_word' id='word_1_228' title='bbox 438 2094 469 2122; x_wconf 82' lang='lat' dir='ltr'><strong>et</strong></span> <span class='ocrx_word' id='word_1_229' title='bbox 492 2101 511 2122; x_wconf 85' lang='lat' dir='ltr'><strong>a</strong></span> <span class='ocrx_word' id='word_1_230' title='bbox 532 2093 613 2122; x_wconf 88' lang='lat' dir='ltr'><strong>statu</strong></span> <span class='ocrx_word' id='word_1_231' title='bbox 635 2090 740 2122; x_wconf 81' lang='lat' dir='ltr'><strong>debito</strong></span> <span class='ocrx_word' id='word_1_232' title='bbox 761 2090 945 2129; x_wconf 82' lang='lat' dir='ltr'><strong>elongetur,</strong></span> <span class='ocrx_word' id='word_1_233' title='bbox 969 2092 1000 2121; x_wconf 89' lang='lat' dir='ltr'><strong>et</strong></span> 
     </span>
     <span class='ocr_line' id='line_1_36' title="bbox 216 2144 997 2187; baseline -0.005 -9"><span class='ocrx_word' id='word_1_234' title='bbox 216 2148 340 2187; x_wconf 84' lang='lat' dir='ltr'><strong>quanta</strong></span> <span class='ocrx_word' id='word_1_235' title='bbox 357 2155 397 2177; x_wconf 81' lang='lat' dir='ltr'><strong>ex</strong></span> <span class='ocrx_word' id='word_1_236' title='bbox 420 2146 481 2177; x_wconf 91' lang='lat' dir='ltr'><strong>hoc</strong></span> <span class='ocrx_word' id='word_1_237' title='bbox 503 2145 645 2185; x_wconf 85' lang='lat' dir='ltr'><strong>quotidie</strong></span> <span class='ocrx_word' id='word_1_238' title='bbox 662 2146 788 2184; x_wconf 87' lang='lat' dir='ltr'><strong>peccata</strong></span> <span class='ocrx_word' id='word_1_239' title='bbox 811 2144 997 2183; x_wconf 87' lang='lat' dir='ltr'><strong>increscant,</strong></span> 
     </span>
     <span class='ocr_line' id='line_1_37' title="bbox 215 2198 999 2240; baseline -0.004 -9"><span class='ocrx_word' id='word_1_240' title='bbox 215 2202 246 2231; x_wconf 92' lang='lat' dir='ltr'><strong>et</strong></span> <span class='ocrx_word' id='word_1_241' title='bbox 260 2202 338 2240; x_wconf 82' lang='lat' dir='ltr'><strong>quot</strong></span> <span class='ocrx_word' id='word_1_242' title='bbox 352 2200 435 2230; x_wconf 85' lang='lat' dir='ltr'><strong>bona</strong></span> <span class='ocrx_word' id='word_1_243' title='bbox 449 2199 660 2239; x_wconf 80' lang='lat' dir='ltr'><strong>negligantur</strong></span> <span class='ocrx_word' id='word_1_244' title='bbox 674 2207 730 2238; x_wconf 87' lang='lat' dir='ltr'><strong>per</strong></span> <span class='ocrx_word' id='word_1_245' title='bbox 755 2198 927 2236; x_wconf 88' lang='lat' dir='ltr'><strong>mundum,</strong></span> <span class='ocrx_word' id='word_1_246' title='bbox 942 2199 999 2229; x_wconf 80' lang='lat' dir='ltr'><strong>vix</strong></span> 
     </span>
     <span class='ocr_line' id='line_1_38' title="bbox 216 2251 999 2294; baseline -0.001 -10"><span class='ocrx_word' id='word_1_247' title='bbox 216 2253 332 2294; x_wconf 84' lang='lat' dir='ltr'><strong>aliquis</strong></span> <span class='ocrx_word' id='word_1_248' title='bbox 350 2253 467 2284; x_wconf 86' lang='lat' dir='ltr'><strong>sufficit</strong></span> <span class='ocrx_word' id='word_1_249' title='bbox 488 2253 659 2283; x_wconf 59' lang='lat' dir='ltr'><strong>aestimare.</strong></span> <span class='ocrx_word' id='word_1_250' title='bbox 679 2251 751 2282; x_wconf 77' lang='lat' dir='ltr'><strong>[laec</strong></span> <span class='ocrx_word' id='word_1_251' title='bbox 768 2254 799 2282; x_wconf 92' lang='lat' dir='ltr'><strong>et</strong></span> <span class='ocrx_word' id='word_1_252' title='bbox 822 2251 914 2291; x_wconf 83' lang='lat' dir='ltr'><strong>plura</strong></span> <span class='ocrx_word' id='word_1_253' title='bbox 937 2251 999 2283; x_wconf 76' lang='lat' dir='ltr'><strong>alia</strong></span> 
     </span>
     <span class='ocr_line' id='line_1_39' title="bbox 215 2306 999 2346; baseline -0.003 -7"><span class='ocrx_word' id='word_1_254' title='bbox 215 2317 290 2339; x_wconf 90' lang='lat' dir='ltr'><strong>cum</strong></span> <span class='ocrx_word' id='word_1_255' title='bbox 299 2316 378 2339; x_wconf 83' lang='lat' dir='ltr'><strong>vera</strong></span> <span class='ocrx_word' id='word_1_256' title='bbox 390 2316 457 2337; x_wconf 87' lang='lat' dir='ltr'><strong>esse</strong></span> <span class='ocrx_word' id='word_1_257' title='bbox 471 2307 589 2337; x_wconf 88' lang='lat' dir='ltr'><strong>scimus</strong></span> <span class='ocrx_word' id='word_1_258' title='bbox 602 2306 654 2346; x_wconf 80' lang='lat' dir='ltr'><strong>(a),</strong></span> <span class='ocrx_word' id='word_1_259' title='bbox 669 2308 816 2336; x_wconf 80' lang='lat' dir='ltr'><strong>ettamen</strong></span> <span class='ocrx_word' id='word_1_260' title='bbox 831 2315 867 2336; x_wconf 68' lang='lat' dir='ltr'><strong>ea</strong></span> <span class='ocrx_word' id='word_1_261' title='bbox 882 2306 999 2346; x_wconf 85' lang='lat' dir='ltr'><strong>populo</strong></span> 
     </span>
     <span class='ocr_line' id='line_1_40' title="bbox 215 2360 999 2401; baseline -0.004 -9"><span class='ocrx_word' id='word_1_262' title='bbox 215 2370 282 2392; x_wconf 92' lang='lat' dir='ltr'><strong>non</strong></span> <span class='ocrx_word' id='word_1_263' title='bbox 308 2363 416 2401; x_wconf 85' lang='lat' dir='ltr'><strong>aperte</strong></span> <span class='ocrx_word' id='word_1_264' title='bbox 447 2360 680 2400; x_wconf 78' lang='lat' dir='ltr'><strong>praediceiniiS,</strong></span> <span class='ocrx_word' id='word_1_265' title='bbox 707 2369 772 2390; x_wconf 88' lang='lat' dir='ltr'><strong>non</strong></span> <span class='ocrx_word' id='word_1_266' title='bbox 800 2360 953 2390; x_wconf 77' lang='lat' dir='ltr'><strong>debemus</strong></span> <span class='ocrx_word' id='word_1_267' title='bbox 980 2369 999 2390; x_wconf 87' lang='lat' dir='ltr'><strong>a</strong></span> 
     </span>
     <span class='ocr_line' id='line_1_41' title="bbox 216 2413 999 2454; baseline -0.003 -9"><span class='ocrx_word' id='word_1_268' title='bbox 216 2415 300 2445; x_wconf 90' lang='lat' dir='ltr'><strong>clero</strong></span> <span class='ocrx_word' id='word_1_269' title='bbox 325 2414 474 2454; x_wconf 87' lang='lat' dir='ltr'><strong>judicari,</strong></span> <span class='ocrx_word' id='word_1_270' title='bbox 489 2414 575 2453; x_wconf 86' lang='lat' dir='ltr'><strong>quod</strong></span> <span class='ocrx_word' id='word_1_271' title='bbox 605 2413 785 2443; x_wconf 76' lang='lat' dir='ltr'><strong>confusioni</strong></span> <span class='ocrx_word' id='word_1_272' title='bbox 815 2423 927 2443; x_wconf 82' lang='lat' dir='ltr'><strong>corum</strong></span> <span class='ocrx_word' id='word_1_273' title='bbox 949 2413 999 2443; x_wconf 90' lang='lat' dir='ltr'><strong>in-</strong></span> 
     </span>
     <span class='ocr_line' id='line_1_42' title="bbox 216 2467 998 2507; baseline -0.003 -8"><span class='ocrx_word' id='word_1_274' title='bbox 216 2468 398 2505; x_wconf 79' lang='lat' dir='ltr'><strong>tendamus,</strong></span> <span class='ocrx_word' id='word_1_275' title='bbox 410 2470 441 2499; x_wconf 90' lang='lat' dir='ltr'><strong>et</strong></span> <span class='ocrx_word' id='word_1_276' title='bbox 463 2476 516 2498; x_wconf 84' lang='lat' dir='ltr'><strong>eos</strong></span> <span class='ocrx_word' id='word_1_277' title='bbox 531 2467 648 2507; x_wconf 88' lang='lat' dir='ltr'><strong>populo</strong></span> <span class='ocrx_word' id='word_1_278' title='bbox 666 2467 850 2497; x_wconf 62' lang='lat' dir='ltr'><strong>studeamus</strong></span> <span class='ocrx_word' id='word_1_279' title='bbox 865 2467 998 2498; x_wconf 85' lang='lat' dir='ltr'><strong>odibiles</strong></span> 
     </span>
     <span class='ocr_line' id='line_1_43' title="bbox 216 2520 997 2561; baseline -0.003 -8"><span class='ocrx_word' id='word_1_280' title='bbox 216 2522 329 2560; x_wconf 83' lang='lat' dir='ltr'><strong>facere,</strong></span> <span class='ocrx_word' id='word_1_281' title='bbox 354 2522 408 2553; x_wconf 84' lang='lat' dir='ltr'><strong>sed</strong></span> <span class='ocrx_word' id='word_1_282' title='bbox 436 2522 551 2561; x_wconf 87' lang='lat' dir='ltr'><strong>magis,</strong></span> <span class='ocrx_word' id='word_1_283' title='bbox 578 2521 603 2551; x_wconf 92' lang='lat' dir='ltr'><strong>si</strong></span> <span class='ocrx_word' id='word_1_284' title='bbox 634 2520 788 2551; x_wconf 85' lang='lat' dir='ltr'><strong>haberent</strong></span> <span class='ocrx_word' id='word_1_285' title='bbox 814 2521 997 2560; x_wconf 84' lang='lat' dir='ltr'><strong>intelligen-</strong></span> 
     </span>
     <span class='ocr_line' id='line_1_44' title="bbox 216 2575 999 2615; baseline 0 -10"><span class='ocrx_word' id='word_1_286' title='bbox 216 2575 313 2613; x_wconf 87' lang='lat' dir='ltr'><strong>tiam,</strong></span> <span class='ocrx_word' id='word_1_287' title='bbox 338 2577 569 2615; x_wconf 82' lang='lat' dir='ltr'><strong>agnoscerent,</strong></span> <span class='ocrx_word' id='word_1_288' title='bbox 591 2577 750 2614; x_wconf 85' lang='lat' dir='ltr'><strong>quantum</strong></span> <span class='ocrx_word' id='word_1_289' title='bbox 781 2584 834 2605; x_wconf 88' lang='lat' dir='ltr'><strong>eos</strong></span> <span class='ocrx_word' id='word_1_290' title='bbox 858 2575 999 2606; x_wconf 86' lang='lat' dir='ltr'><strong>bonora-</strong></span> 
     </span>
     <span class='ocr_line' id='line_1_45' title="bbox 217 2628 999 2669; baseline 0.001 -10"><span class='ocrx_word' id='word_1_291' title='bbox 217 2638 303 2666; x_wconf 79' lang='lat' dir='ltr'><strong>muS,</strong></span> <span class='ocrx_word' id='word_1_292' title='bbox 320 2631 351 2660; x_wconf 91' lang='lat' dir='ltr'><strong>et</strong></span> <span class='ocrx_word' id='word_1_293' title='bbox 369 2629 542 2660; x_wconf 84' lang='lat' dir='ltr'><strong>deserimus</strong></span> <span class='ocrx_word' id='word_1_294' title='bbox 561 2628 636 2659; x_wconf 81' lang='lat' dir='ltr'><strong>talia</strong></span> <span class='ocrx_word' id='word_1_295' title='bbox 656 2628 851 2667; x_wconf 72' lang='lat' dir='ltr'><strong>subticendo,</strong></span> <span class='ocrx_word' id='word_1_296' title='bbox 871 2631 999 2669; x_wconf 83' lang='lat' dir='ltr'><strong>propter</strong></span> 
     </span>
     <span class='ocr_line' id='line_1_46' title="bbox 217 2682 999 2721; baseline 0 -8"><span class='ocrx_word' id='word_1_297' title='bbox 217 2691 328 2714; x_wconf 81' lang='lat' dir='ltr'><strong>causas</strong></span> <span class='ocrx_word' id='word_1_298' title='bbox 352 2692 449 2721; x_wconf 85' lang='lat' dir='ltr'><strong>supra</strong></span> <span class='ocrx_word' id='word_1_299' title='bbox 470 2685 607 2714; x_wconf 76' lang='lat' dir='ltr'><strong>notatas.</strong></span> <span class='ocrx_word' id='word_1_300' title='bbox 631 2682 702 2713; x_wconf 86' lang='lat' dir='ltr'><strong>ldeo</strong></span> <span class='ocrx_word' id='word_1_301' title='bbox 725 2684 831 2712; x_wconf 84' lang='lat' dir='ltr'><strong>tamen</strong></span> <span class='ocrx_word' id='word_1_302' title='bbox 856 2683 999 2714; x_wconf 83' lang='lat' dir='ltr'><strong>securius</strong></span> 
     </span>
     <span class='ocr_line' id='line_1_47' title="bbox 219 2736 998 2777; baseline 0 -10"><span class='ocrx_word' id='word_1_303' title='bbox 219 2736 278 2767; x_wconf 80' lang='lat' dir='ltr'><strong>ista</strong></span> <span class='ocrx_word' id='word_1_304' title='bbox 291 2736 541 2776; x_wconf 75' lang='lat' dir='ltr'><strong>dissimulamuS,</strong></span> <span class='ocrx_word' id='word_1_305' title='bbox 554 2737 639 2777; x_wconf 87' lang='lat' dir='ltr'><strong>quod</strong></span> <span class='ocrx_word' id='word_1_306' title='bbox 654 2745 710 2767; x_wconf 85' lang='lat' dir='ltr'><strong>nec</strong></span> <span class='ocrx_word' id='word_1_307' title='bbox 725 2736 927 2776; x_wconf 83' lang='lat' dir='ltr'><strong>clericorum,</strong></span> <span class='ocrx_word' id='word_1_308' title='bbox 942 2746 998 2767; x_wconf 83' lang='lat' dir='ltr'><strong>nec</strong></span> 
     </span>
    </p>
   </div>
   <div class='ocr_carea' id='block_1_3' title="bbox 692 230 1358 266">
    <p class='ocr_par' dir='ltr' id='par_1_3' title="bbox 692 230 1358 266">
     <span class='ocr_line' id='line_1_48' title="bbox 692 230 1358 266; baseline -0.005 0"><span class='ocrx_word' id='word_1_309' title='bbox 692 232 883 266; x_wconf 86' lang='lat' dir='ltr'>LIBELLUS</span> <span class='ocrx_word' id='word_1_310' title='bbox 904 231 1201 265; x_wconf 84' lang='lat' dir='ltr'>APOLOGETICUS</span> <span class='ocrx_word' id='word_1_311' title='bbox 1223 230 1264 264; x_wconf 92' lang='lat' dir='ltr'><strong>IN</strong></span> <span class='ocrx_word' id='word_1_312' title='bbox 1284 231 1358 264; x_wconf 88' lang='lat' dir='ltr'><strong>EOS</strong></span> 
     </span>
    </p>
   </div>
   <div class='ocr_carea' id='block_1_4' title="bbox 1051 300 1837 2022">
    <p class='ocr_par' dir='ltr' id='par_1_4' title="bbox 1051 300 1836 1295">
     <span class='ocr_line' id='line_1_49' title="bbox 1053 300 1832 346; baseline 0.009 -14"><span class='ocrx_word' id='word_1_313' title='bbox 1053 300 1210 333; x_wconf 86' lang='lat' dir='ltr'><strong>laicorum</strong></span> <span class='ocrx_word' id='word_1_314' title='bbox 1224 309 1302 332; x_wconf 87' lang='lat' dir='ltr'><strong>cura</strong></span> <span class='ocrx_word' id='word_1_315' title='bbox 1320 300 1414 333; x_wconf 91' lang='lat' dir='ltr'><strong>nohis</strong></span> <span class='ocrx_word' id='word_1_316' title='bbox 1427 301 1474 334; x_wconf 88' lang='lat' dir='ltr'><strong>ita</strong></span> <span class='ocrx_word' id='word_1_317' title='bbox 1489 304 1658 336; x_wconf 84' lang='lat' dir='ltr'><strong>commissa</strong></span> <span class='ocrx_word' id='word_1_318' title='bbox 1671 306 1730 346; x_wconf 85' lang='lat' dir='ltr'><strong>est,</strong></span> <span class='ocrx_word' id='word_1_319' title='bbox 1740 307 1779 338; x_wconf 87' lang='lat' dir='ltr'><strong>ut</strong></span> <span class='ocrx_word' id='word_1_320' title='bbox 1791 306 1832 339; x_wconf 89' lang='lat' dir='ltr'><strong>de</strong></span> 
     </span>
     <span class='ocr_line' id='line_1_50' title="bbox 1053 355 1833 400; baseline 0.009 -15"><span class='ocrx_word' id='word_1_321' title='bbox 1053 355 1130 396; x_wconf 89' lang='lat' dir='ltr'><strong>ipsis</strong></span> <span class='ocrx_word' id='word_1_322' title='bbox 1143 356 1312 386; x_wconf 82' lang='lat' dir='ltr'><strong>teneamur</strong></span> <span class='ocrx_word' id='word_1_323' title='bbox 1326 355 1458 388; x_wconf 87' lang='lat' dir='ltr'><strong>reddere</strong></span> <span class='ocrx_word' id='word_1_324' title='bbox 1471 357 1640 398; x_wconf 82' lang='lat' dir='ltr'><strong>rationem,</strong></span> <span class='ocrx_word' id='word_1_325' title='bbox 1656 359 1739 391; x_wconf 88' lang='lat' dir='ltr'><strong>sicut</strong></span> <span class='ocrx_word' id='word_1_326' title='bbox 1753 368 1833 400; x_wconf 78' lang='lat' dir='ltr'><strong>prae-</strong></span> 
     </span>
     <span class='ocr_line' id='line_1_51' title="bbox 1051 409 1831 452; baseline 0.006 -12"><span class='ocrx_word' id='word_1_327' title='bbox 1051 409 1108 441; x_wconf 83' lang='lat' dir='ltr'><strong>lati</strong></span> <span class='ocrx_word' id='word_1_328' title='bbox 1122 409 1279 450; x_wconf 88' lang='lat' dir='ltr'><strong>ipsorum,</strong></span> <span class='ocrx_word' id='word_1_329' title='bbox 1294 410 1334 441; x_wconf 92' lang='lat' dir='ltr'><strong>ad</strong></span> <span class='ocrx_word' id='word_1_330' title='bbox 1348 419 1428 451; x_wconf 86' lang='lat' dir='ltr'><strong>quos</strong></span> <span class='ocrx_word' id='word_1_331' title='bbox 1442 414 1562 452; x_wconf 90' lang='lat' dir='ltr'><strong>spectat</strong></span> <span class='ocrx_word' id='word_1_332' title='bbox 1579 421 1693 444; x_wconf 85' lang='lat' dir='ltr'><strong>eorum</strong></span> <span class='ocrx_word' id='word_1_333' title='bbox 1707 422 1831 445; x_wconf 88' lang='lat' dir='ltr'><strong>correc-</strong></span> 
     </span>
     <span class='ocr_line' id='line_1_52' title="bbox 1052 463 1834 503; baseline 0.005 -9"><span class='ocrx_word' id='word_1_334' title='bbox 1052 463 1108 501; x_wconf 88' lang='lat' dir='ltr'><strong>tio,</strong></span> <span class='ocrx_word' id='word_1_335' title='bbox 1115 463 1178 494; x_wconf 89' lang='lat' dir='ltr'><strong>nisi</strong></span> <span class='ocrx_word' id='word_1_336' title='bbox 1193 463 1227 494; x_wconf 91' lang='lat' dir='ltr'><strong>in</strong></span> <span class='ocrx_word' id='word_1_337' title='bbox 1239 466 1396 503; x_wconf 88' lang='lat' dir='ltr'><strong>quantum</strong></span> <span class='ocrx_word' id='word_1_338' title='bbox 1405 474 1446 496; x_wconf 85' lang='lat' dir='ltr'><strong>ex</strong></span> <span class='ocrx_word' id='word_1_339' title='bbox 1454 465 1555 497; x_wconf 88' lang='lat' dir='ltr'><strong>libera</strong></span> <span class='ocrx_word' id='word_1_340' title='bbox 1568 466 1724 498; x_wconf 87' lang='lat' dir='ltr'><strong>charitate</strong></span> <span class='ocrx_word' id='word_1_341' title='bbox 1731 466 1834 498; x_wconf 89' lang='lat' dir='ltr'><strong>eonsi-</strong></span> 
     </span>
     <span class='ocr_line' id='line_1_53' title="bbox 1052 516 1834 559; baseline 0.004 -11"><span class='ocrx_word' id='word_1_342' title='bbox 1052 517 1202 548; x_wconf 88' lang='lat' dir='ltr'><strong>deremus</strong></span> <span class='ocrx_word' id='word_1_343' title='bbox 1215 516 1260 548; x_wconf 90' lang='lat' dir='ltr'><strong>eis</strong></span> <span class='ocrx_word' id='word_1_344' title='bbox 1269 517 1430 558; x_wconf 88' lang='lat' dir='ltr'><strong>prodesse.</strong></span> <span class='ocrx_word' id='word_1_345' title='bbox 1444 518 1535 550; x_wconf 91' lang='lat' dir='ltr'><strong>Unde</strong></span> <span class='ocrx_word' id='word_1_346' title='bbox 1549 528 1719 559; x_wconf 90' lang='lat' dir='ltr'><strong>possumus</strong></span> <span class='ocrx_word' id='word_1_347' title='bbox 1728 522 1834 551; x_wconf 89' lang='lat' dir='ltr'><strong>tacere</strong></span> 
     </span>
     <span class='ocr_line' id='line_1_54' title="bbox 1052 570 1834 612; baseline 0.006 -11"><span class='ocrx_word' id='word_1_348' title='bbox 1052 572 1085 602; x_wconf 86' lang='lat' dir='ltr'><strong>et</strong></span> <span class='ocrx_word' id='word_1_349' title='bbox 1098 570 1198 611; x_wconf 86' lang='lat' dir='ltr'><strong>loqui,</strong></span> <span class='ocrx_word' id='word_1_350' title='bbox 1218 580 1292 611; x_wconf 87' lang='lat' dir='ltr'><strong>quae</strong></span> <span class='ocrx_word' id='word_1_351' title='bbox 1312 572 1489 604; x_wconf 83' lang='lat' dir='ltr'><strong>secundum</strong></span> <span class='ocrx_word' id='word_1_352' title='bbox 1508 572 1621 612; x_wconf 90' lang='lat' dir='ltr'><strong>Deum,</strong></span> <span class='ocrx_word' id='word_1_353' title='bbox 1642 575 1673 605; x_wconf 92' lang='lat' dir='ltr'><strong>et</strong></span> <span class='ocrx_word' id='word_1_354' title='bbox 1695 574 1789 606; x_wconf 87' lang='lat' dir='ltr'><strong>nohis</strong></span> <span class='ocrx_word' id='word_1_355' title='bbox 1802 576 1834 606; x_wconf 89' lang='lat' dir='ltr'><strong>et</strong></span> 
     </span>
     <span class='ocr_line' id='line_1_55' title="bbox 1052 624 1834 665; baseline 0.005 -9"><span class='ocrx_word' id='word_1_356' title='bbox 1052 625 1124 656; x_wconf 87' lang='lat' dir='ltr'><strong>aliis</strong></span> <span class='ocrx_word' id='word_1_357' title='bbox 1134 625 1285 665; x_wconf 84' lang='lat' dir='ltr'><strong>expedire</strong></span> <span class='ocrx_word' id='word_1_358' title='bbox 1293 624 1453 665; x_wconf 86' lang='lat' dir='ltr'><strong>videmus,</strong></span> <span class='ocrx_word' id='word_1_359' title='bbox 1460 636 1536 658; x_wconf 90' lang='lat' dir='ltr'><strong>cum</strong></span> <span class='ocrx_word' id='word_1_360' title='bbox 1546 627 1629 658; x_wconf 86' lang='lat' dir='ltr'><strong>nihil</strong></span> <span class='ocrx_word' id='word_1_361' title='bbox 1639 636 1658 658; x_wconf 86' lang='lat' dir='ltr'><strong>a</strong></span> <span class='ocrx_word' id='word_1_362' title='bbox 1667 628 1760 659; x_wconf 91' lang='lat' dir='ltr'><strong>nobis</strong></span> <span class='ocrx_word' id='word_1_363' title='bbox 1767 637 1834 660; x_wconf 87' lang='lat' dir='ltr'><strong>am-</strong></span> 
     </span>
     <span class='ocr_line' id='line_1_56' title="bbox 1052 678 1835 721; baseline 0.005 -12"><span class='ocrx_word' id='word_1_364' title='bbox 1052 678 1136 719; x_wconf 91' lang='lat' dir='ltr'><strong>plius</strong></span> <span class='ocrx_word' id='word_1_365' title='bbox 1146 678 1349 719; x_wconf 86' lang='lat' dir='ltr'><strong>requiramus</strong></span> <span class='ocrx_word' id='word_1_366' title='bbox 1358 679 1408 721; x_wconf 82' lang='lat' dir='ltr'>(b).</span> <span class='ocrx_word' id='word_1_367' title='bbox 1417 679 1500 712; x_wconf 88' lang='lat' dir='ltr'><strong>Vitia</strong></span> <span class='ocrx_word' id='word_1_368' title='bbox 1508 683 1619 712; x_wconf 85' lang='lat' dir='ltr'><strong>autem</strong></span> <span class='ocrx_word' id='word_1_369' title='bbox 1626 681 1783 713; x_wconf 88' lang='lat' dir='ltr'><strong>laicorum</strong></span> <span class='ocrx_word' id='word_1_370' title='bbox 1793 681 1835 713; x_wconf 92' lang='lat' dir='ltr'><strong>li-</strong></span> 
     </span>
     <span class='ocr_line' id='line_1_57' title="bbox 1053 732 1832 776; baseline 0.004 -12"><span class='ocrx_word' id='word_1_371' title='bbox 1053 732 1162 764; x_wconf 82' lang='lat' dir='ltr'><strong>berius</strong></span> <span class='ocrx_word' id='word_1_372' title='bbox 1171 733 1353 773; x_wconf 83' lang='lat' dir='ltr'><strong>arguimus,</strong></span> <span class='ocrx_word' id='word_1_373' title='bbox 1363 733 1439 774; x_wconf 89' lang='lat' dir='ltr'><strong>quia</strong></span> <span class='ocrx_word' id='word_1_374' title='bbox 1446 736 1477 766; x_wconf 90' lang='lat' dir='ltr'><strong>et</strong></span> <span class='ocrx_word' id='word_1_375' title='bbox 1484 735 1656 775; x_wconf 89' lang='lat' dir='ltr'><strong>patientius</strong></span> <span class='ocrx_word' id='word_1_376' title='bbox 1662 735 1832 776; x_wconf 88' lang='lat' dir='ltr'><strong>sustinent,</strong></span> 
     </span>
     <span class='ocr_line' id='line_1_58' title="bbox 1052 787 1835 831; baseline 0.005 -13"><span class='ocrx_word' id='word_1_377' title='bbox 1052 788 1084 818; x_wconf 90' lang='lat' dir='ltr'><strong>et</strong></span> <span class='ocrx_word' id='word_1_378' title='bbox 1097 787 1244 818; x_wconf 88' lang='lat' dir='ltr'><strong>nesciunt</strong></span> <span class='ocrx_word' id='word_1_379' title='bbox 1257 787 1390 826; x_wconf 81' lang='lat' dir='ltr'><strong>litteras,</strong></span> <span class='ocrx_word' id='word_1_380' title='bbox 1401 788 1519 828; x_wconf 86' lang='lat' dir='ltr'><strong>quibus</strong></span> <span class='ocrx_word' id='word_1_381' title='bbox 1533 789 1747 829; x_wconf 85' lang='lat' dir='ltr'><strong>instruantur,</strong></span> <span class='ocrx_word' id='word_1_382' title='bbox 1757 790 1835 831; x_wconf 89' lang='lat' dir='ltr'><strong>quid</strong></span> 
     </span>
     <span class='ocr_line' id='line_1_59' title="bbox 1053 841 1835 884; baseline 0.004 -12"><span class='ocrx_word' id='word_1_383' title='bbox 1053 841 1188 873; x_wconf 88' lang='lat' dir='ltr'><strong>debeant</strong></span> <span class='ocrx_word' id='word_1_384' title='bbox 1203 850 1315 873; x_wconf 88' lang='lat' dir='ltr'><strong>cavere</strong></span> <span class='ocrx_word' id='word_1_385' title='bbox 1327 841 1380 873; x_wconf 90' lang='lat' dir='ltr'><strong>vel</strong></span> <span class='ocrx_word' id='word_1_386' title='bbox 1398 842 1513 881; x_wconf 87' lang='lat' dir='ltr'><strong>facere,</strong></span> <span class='ocrx_word' id='word_1_387' title='bbox 1527 844 1558 874; x_wconf 88' lang='lat' dir='ltr'><strong>et</strong></span> <span class='ocrx_word' id='word_1_388' title='bbox 1578 843 1687 874; x_wconf 89' lang='lat' dir='ltr'><strong>miuus</strong></span> <span class='ocrx_word' id='word_1_389' title='bbox 1706 843 1835 884; x_wconf 88' lang='lat' dir='ltr'><strong>pericu-</strong></span> 
     </span>
     <span class='ocr_line' id='line_1_60' title="bbox 1052 895 1835 938; baseline 0.004 -12"><span class='ocrx_word' id='word_1_390' title='bbox 1052 895 1122 927; x_wconf 91' lang='lat' dir='ltr'><strong>lum</strong></span> <span class='ocrx_word' id='word_1_391' title='bbox 1137 896 1295 936; x_wconf 86' lang='lat' dir='ltr'><strong>sequitur,</strong></span> <span class='ocrx_word' id='word_1_392' title='bbox 1310 896 1337 927; x_wconf 89' lang='lat' dir='ltr'><strong>si</strong></span> <span class='ocrx_word' id='word_1_393' title='bbox 1351 905 1466 927; x_wconf 91' lang='lat' dir='ltr'><strong>eorum</strong></span> <span class='ocrx_word' id='word_1_394' title='bbox 1482 897 1516 927; x_wconf 92' lang='lat' dir='ltr'><strong>in</strong></span> <span class='ocrx_word' id='word_1_395' title='bbox 1530 897 1658 937; x_wconf 92' lang='lat' dir='ltr'><strong>publico</strong></span> <span class='ocrx_word' id='word_1_396' title='bbox 1668 898 1835 938; x_wconf 88' lang='lat' dir='ltr'><strong>propalen-</strong></span> 
     </span>
     <span class='ocr_line' id='line_1_61' title="bbox 1052 950 1835 988; baseline 0.004 -8"><span class='ocrx_word' id='word_1_397' title='bbox 1052 951 1108 981; x_wconf 90' lang='lat' dir='ltr'><strong>tur</strong></span> <span class='ocrx_word' id='word_1_398' title='bbox 1122 958 1283 988; x_wconf 81' lang='lat' dir='ltr'><strong>excessus,</strong></span> <span class='ocrx_word' id='word_1_399' title='bbox 1299 951 1331 980; x_wconf 90' lang='lat' dir='ltr'><strong>et</strong></span> <span class='ocrx_word' id='word_1_400' title='bbox 1337 950 1461 981; x_wconf 87' lang='lat' dir='ltr'><strong>facilius</strong></span> <span class='ocrx_word' id='word_1_401' title='bbox 1471 950 1692 982; x_wconf 89' lang='lat' dir='ltr'><strong>emendentur.</strong></span> <span class='ocrx_word' id='word_1_402' title='bbox 1708 951 1835 987; x_wconf 74' lang='lat' dir='ltr'><strong>Ciericis</strong></span> 
     </span>
     <span class='ocr_line' id='line_1_62' title="bbox 1052 995 1836 1045; baseline 0.003 -11"><span class='ocrx_word' id='word_1_403' title='bbox 1052 1005 1161 1034; x_wconf 89' lang='lat' dir='ltr'><strong>autem</strong></span> <span class='ocrx_word' id='word_1_404' title='bbox 1174 1012 1357 1043; x_wconf 81' lang='lat' dir='ltr'><strong>possumuS,</strong></span> <span class='ocrx_word' id='word_1_405' title='bbox 1372 1003 1406 1034; x_wconf 92' lang='lat' dir='ltr'><strong>in</strong></span> <span class='ocrx_word' id='word_1_406' title='bbox 1413 1003 1566 1044; x_wconf 87' lang='lat' dir='ltr'><strong>Capitulis</strong></span> <span class='ocrx_word' id='word_1_407' title='bbox 1574 1004 1651 1043; x_wconf 90' lang='lat' dir='ltr'><strong>suis,</strong></span> <span class='ocrx_word' id='word_1_408' title='bbox 1662 995 1772 1035; x_wconf 72' lang='lat' dir='ltr'><strong>omnia</strong></span> <span class='ocrx_word' id='word_1_409' title='bbox 1781 1013 1836 1045; x_wconf 89' lang='lat' dir='ltr'><strong>pe-</strong></span> 
     </span>
     <span class='ocr_line' id='line_1_63' title="bbox 1052 1057 1835 1090; baseline 0.004 -3"><span class='ocrx_word' id='word_1_410' title='bbox 1052 1057 1153 1088; x_wconf 88' lang='lat' dir='ltr'><strong>ricula</strong></span> <span class='ocrx_word' id='word_1_411' title='bbox 1164 1066 1222 1088; x_wconf 84' lang='lat' dir='ltr'><strong>sua</strong></span> <span class='ocrx_word' id='word_1_412' title='bbox 1236 1057 1268 1087; x_wconf 91' lang='lat' dir='ltr'><strong>in</strong></span> <span class='ocrx_word' id='word_1_413' title='bbox 1279 1057 1482 1088; x_wconf 89' lang='lat' dir='ltr'><strong>sermonibus</strong></span> <span class='ocrx_word' id='word_1_414' title='bbox 1497 1057 1686 1089; x_wconf 88' lang='lat' dir='ltr'><strong>litteralibus</strong></span> <span class='ocrx_word' id='word_1_415' title='bbox 1700 1058 1835 1090; x_wconf 90' lang='lat' dir='ltr'><strong>seorsim</strong></span> 
     </span>
     <span class='ocr_line' id='line_1_64' title="bbox 1053 1111 1836 1151; baseline 0.004 -9"><span class='ocrx_word' id='word_1_416' title='bbox 1053 1111 1217 1142; x_wconf 83' lang='lat' dir='ltr'><strong>ostendere</strong></span> <span class='ocrx_word' id='word_1_417' title='bbox 1232 1120 1307 1142; x_wconf 92' lang='lat' dir='ltr'><strong>cum</strong></span> <span class='ocrx_word' id='word_1_418' title='bbox 1318 1111 1497 1143; x_wconf 85' lang='lat' dir='ltr'><strong>reverentia</strong></span> <span class='ocrx_word' id='word_1_419' title='bbox 1511 1111 1683 1151; x_wconf 87' lang='lat' dir='ltr'><strong>charitatis,</strong></span> <span class='ocrx_word' id='word_1_420' title='bbox 1693 1115 1723 1144; x_wconf 89' lang='lat' dir='ltr'><strong>et</strong></span> <span class='ocrx_word' id='word_1_421' title='bbox 1731 1115 1836 1145; x_wconf 85' lang='lat' dir='ltr'><strong>matu-</strong></span> 
     </span>
     <span class='ocr_line' id='line_1_65' title="bbox 1053 1166 1835 1208; baseline 0.003 -11"><span class='ocrx_word' id='word_1_422' title='bbox 1053 1166 1145 1198; x_wconf 88' lang='lat' dir='ltr'><strong>ritate</strong></span> <span class='ocrx_word' id='word_1_423' title='bbox 1158 1166 1310 1206; x_wconf 85' lang='lat' dir='ltr'><strong>benigna‚</strong></span> <span class='ocrx_word' id='word_1_424' title='bbox 1327 1168 1358 1197; x_wconf 90' lang='lat' dir='ltr'><strong>et</strong></span> <span class='ocrx_word' id='word_1_425' title='bbox 1372 1166 1416 1197; x_wconf 91' lang='lat' dir='ltr'><strong>sic</strong></span> <span class='ocrx_word' id='word_1_426' title='bbox 1431 1167 1536 1206; x_wconf 85' lang='lat' dir='ltr'><strong>magis</strong></span> <span class='ocrx_word' id='word_1_427' title='bbox 1550 1167 1736 1207; x_wconf 85' lang='lat' dir='ltr'><strong>proficimus</strong></span> <span class='ocrx_word' id='word_1_428' title='bbox 1749 1167 1835 1208; x_wconf 88' lang='lat' dir='ltr'><strong>apud</strong></span> 
     </span>
     <span class='ocr_line' id='line_1_66' title="bbox 1053 1230 1117 1252; baseline 0 0"><span class='ocrx_word' id='word_1_429' title='bbox 1053 1230 1117 1252; x_wconf 89' lang='lat' dir='ltr'><strong>eos.</strong></span> 
     </span>
     <span class='ocr_line' id='line_1_67' title="bbox 1309 1261 1575 1295; baseline 0 -6"><span class='ocrx_word' id='word_1_430' title='bbox 1309 1261 1428 1295; x_wconf 75' lang='lat' dir='ltr'><strong>Quoestio</strong></span> <span class='ocrx_word' id='word_1_431' title='bbox 1447 1261 1575 1290; x_wconf 78' lang='lat' dir='ltr'><strong>secunda.</strong></span> 
     </span>
    </p>

    <p class='ocr_par' dir='ltr' id='par_1_5' title="bbox 1053 1332 1837 2022">
     <span class='ocr_line' id='line_1_68' title="bbox 1095 1332 1832 1372; baseline 0.001 -9"><span class='ocrx_word' id='word_1_432' title='bbox 1095 1332 1175 1363; x_wconf 92' lang='lat' dir='ltr'><strong>Cum</strong></span> <span class='ocrx_word' id='word_1_433' title='bbox 1195 1340 1274 1372; x_wconf 86' lang='lat' dir='ltr'><strong>ergo</strong></span> <span class='ocrx_word' id='word_1_434' title='bbox 1294 1341 1361 1363; x_wconf 90' lang='lat' dir='ltr'><strong>non</strong></span> <span class='ocrx_word' id='word_1_435' title='bbox 1381 1332 1449 1364; x_wconf 91' lang='lat' dir='ltr'><strong>sitis</strong></span> <span class='ocrx_word' id='word_1_436' title='bbox 1469 1332 1596 1372; x_wconf 87' lang='lat' dir='ltr'><strong>judices</strong></span> <span class='ocrx_word' id='word_1_437' title='bbox 1617 1332 1806 1364; x_wconf 87' lang='lat' dir='ltr'><strong>clericorum</strong></span> <span class='ocrx_word' id='word_1_438' title='bbox 1822 1357 1832 1372; x_wconf 89' lang='lat'><em>‚</em></span> 
     </span>
     <span class='ocr_line' id='line_1_69' title="bbox 1053 1387 1834 1429; baseline 0 -10"><span class='ocrx_word' id='word_1_439' title='bbox 1053 1387 1105 1419; x_wconf 88' lang='lat' dir='ltr'><strong>vel</strong></span> <span class='ocrx_word' id='word_1_440' title='bbox 1122 1387 1290 1425; x_wconf 88' lang='lat' dir='ltr'><strong>laicorum,</strong></span> <span class='ocrx_word' id='word_1_441' title='bbox 1306 1396 1365 1418; x_wconf 88' lang='lat' dir='ltr'><strong>nec</strong></span> <span class='ocrx_word' id='word_1_442' title='bbox 1383 1387 1422 1418; x_wconf 88' lang='lat' dir='ltr'><strong>ad</strong></span> <span class='ocrx_word' id='word_1_443' title='bbox 1441 1396 1499 1419; x_wconf 89' lang='lat' dir='ltr'><strong>vos</strong></span> <span class='ocrx_word' id='word_1_444' title='bbox 1517 1389 1635 1429; x_wconf 88' lang='lat' dir='ltr'><strong>spectet</strong></span> <span class='ocrx_word' id='word_1_445' title='bbox 1654 1396 1708 1419; x_wconf 89' lang='lat' dir='ltr'><strong>eos</strong></span> <span class='ocrx_word' id='word_1_446' title='bbox 1724 1387 1834 1419; x_wconf 90' lang='lat' dir='ltr'><strong>redar-</strong></span> 
     </span>
     <span class='ocr_line' id='line_1_70' title="bbox 1055 1441 1836 1482; baseline 0 -9"><span class='ocrx_word' id='word_1_447' title='bbox 1055 1450 1156 1482; x_wconf 87' lang='lat' dir='ltr'><strong>guere</strong></span> <span class='ocrx_word' id='word_1_448' title='bbox 1168 1441 1219 1472; x_wconf 84' lang='lat' dir='ltr'><strong>vel</strong></span> <span class='ocrx_word' id='word_1_449' title='bbox 1232 1441 1406 1481; x_wconf 81' lang='lat' dir='ltr'><strong>corrigere,</strong></span> <span class='ocrx_word' id='word_1_450' title='bbox 1419 1441 1473 1472; x_wconf 87' lang='lat' dir='ltr'><strong>sed</strong></span> <span class='ocrx_word' id='word_1_451' title='bbox 1487 1442 1527 1473; x_wconf 84' lang='lat' dir='ltr'><strong>ad</strong></span> <span class='ocrx_word' id='word_1_452' title='bbox 1541 1451 1617 1473; x_wconf 89' lang='lat' dir='ltr'><strong>suos</strong></span> <span class='ocrx_word' id='word_1_453' title='bbox 1628 1444 1754 1473; x_wconf 87' lang='lat' dir='ltr'><strong>tantum</strong></span> <span class='ocrx_word' id='word_1_454' title='bbox 1770 1450 1836 1473; x_wconf 87' lang='lat' dir='ltr'><strong>rec-</strong></span> 
     </span>
     <span class='ocr_line' id='line_1_71' title="bbox 1054 1495 1835 1535; baseline 0 -9"><span class='ocrx_word' id='word_1_455' title='bbox 1054 1498 1160 1533; x_wconf 89' lang='lat' dir='ltr'><strong>tores;</strong></span> <span class='ocrx_word' id='word_1_456' title='bbox 1182 1495 1258 1535; x_wconf 89' lang='lat' dir='ltr'><strong>quid</strong></span> <span class='ocrx_word' id='word_1_457' title='bbox 1282 1495 1443 1535; x_wconf 85' lang='lat' dir='ltr'><strong>usurpatis</strong></span> <span class='ocrx_word' id='word_1_458' title='bbox 1465 1496 1557 1527; x_wconf 86' lang='lat' dir='ltr'><strong>vobis</strong></span> <span class='ocrx_word' id='word_1_459' title='bbox 1575 1496 1671 1535; x_wconf 79' lang='lat' dir='ltr'><strong>juris,</strong></span> <span class='ocrx_word' id='word_1_460' title='bbox 1687 1496 1784 1527; x_wconf 87' lang='lat' dir='ltr'><strong>etiam</strong></span> <span class='ocrx_word' id='word_1_461' title='bbox 1808 1496 1835 1526; x_wconf 90' lang='lat' dir='ltr'><strong>si</strong></span> 
     </span>
     <span class='ocr_line' id='line_1_72' title="bbox 1054 1548 1837 1590; baseline 0.001 -11"><span class='ocrx_word' id='word_1_462' title='bbox 1054 1558 1158 1580; x_wconf 73' lang='lat' dir='ltr'><strong>causae</strong></span> <span class='ocrx_word' id='word_1_463' title='bbox 1181 1548 1341 1589; x_wconf 81' lang='lat' dir='ltr'><strong>praedictae</strong></span> <span class='ocrx_word' id='word_1_464' title='bbox 1360 1558 1426 1580; x_wconf 91' lang='lat' dir='ltr'><strong>non</strong></span> <span class='ocrx_word' id='word_1_465' title='bbox 1448 1552 1566 1587; x_wconf 84' lang='lat' dir='ltr'><strong>essent,</strong></span> <span class='ocrx_word' id='word_1_466' title='bbox 1583 1551 1619 1580; x_wconf 87' lang='lat' dir='ltr'><strong>ut</strong></span> <span class='ocrx_word' id='word_1_467' title='bbox 1640 1549 1775 1590; x_wconf 84' lang='lat' dir='ltr'><strong>alicujus</strong></span> <span class='ocrx_word' id='word_1_468' title='bbox 1789 1549 1837 1582; x_wconf 92' lang='lat' dir='ltr'><strong>vi-</strong></span> 
     </span>
     <span class='ocr_line' id='line_1_73' title="bbox 1054 1603 1834 1644; baseline 0 -10"><span class='ocrx_word' id='word_1_469' title='bbox 1054 1604 1098 1634; x_wconf 82' lang='lat' dir='ltr'><strong>tia</strong></span> <span class='ocrx_word' id='word_1_470' title='bbox 1115 1603 1239 1644; x_wconf 87' lang='lat' dir='ltr'><strong>publice</strong></span> <span class='ocrx_word' id='word_1_471' title='bbox 1260 1603 1512 1642; x_wconf 88' lang='lat' dir='ltr'><strong>reprehendatis,</strong></span> <span class='ocrx_word' id='word_1_472' title='bbox 1529 1603 1610 1634; x_wconf 85' lang='lat' dir='ltr'><strong>sicut</strong></span> <span class='ocrx_word' id='word_1_473' title='bbox 1626 1612 1711 1644; x_wconf 84' lang='lat' dir='ltr'><strong>saepe</strong></span> <span class='ocrx_word' id='word_1_474' title='bbox 1726 1603 1834 1643; x_wconf 87' lang='lat' dir='ltr'><strong>tangi-</strong></span> 
     </span>
     <span class='ocr_line' id='line_1_74' title="bbox 1055 1657 1837 1697; baseline 0 -9"><span class='ocrx_word' id='word_1_475' title='bbox 1055 1657 1095 1688; x_wconf 87' lang='lat' dir='ltr'><strong>tis</strong></span> <span class='ocrx_word' id='word_1_476' title='bbox 1122 1657 1154 1688; x_wconf 92' lang='lat' dir='ltr'><strong>in</strong></span> <span class='ocrx_word' id='word_1_477' title='bbox 1175 1657 1397 1697; x_wconf 62' lang='lat' dir='ltr'><strong>praedicatione</strong></span> <span class='ocrx_word' id='word_1_478' title='bbox 1412 1657 1489 1688; x_wconf 81' lang='lat' dir='ltr'><strong>vitia</strong></span> <span class='ocrx_word' id='word_1_479' title='bbox 1505 1657 1722 1697; x_wconf 87' lang='lat' dir='ltr'><strong>quorumlibet</strong></span> <span class='ocrx_word' id='word_1_480' title='bbox 1739 1657 1837 1688; x_wconf 84' lang='lat' dir='ltr'><strong>laico·</strong></span> 
     </span>
     <span class='ocr_line' id='line_1_75' title="bbox 1055 1711 1834 1750; baseline 0 -8"><span class='ocrx_word' id='word_1_481' title='bbox 1055 1720 1129 1742; x_wconf 87' lang='lat' dir='ltr'><strong>rum</strong></span> <span class='ocrx_word' id='word_1_482' title='bbox 1145 1735 1154 1749; x_wconf 86' lang='lat'><strong>,</strong></span> <span class='ocrx_word' id='word_1_483' title='bbox 1188 1711 1375 1742; x_wconf 83' lang='lat' dir='ltr'><strong>clericorum</strong></span> <span class='ocrx_word' id='word_1_484' title='bbox 1391 1734 1400 1748; x_wconf 91' lang='lat'><em>‚</em></span> <span class='ocrx_word' id='word_1_485' title='bbox 1427 1713 1458 1741; x_wconf 89' lang='lat' dir='ltr'><strong>et</strong></span> <span class='ocrx_word' id='word_1_486' title='bbox 1486 1711 1712 1750; x_wconf 86' lang='lat' dir='ltr'><strong>religiosorum</strong></span> <span class='ocrx_word' id='word_1_487' title='bbox 1723 1735 1731 1750; x_wconf 96' lang='lat'><strong>,</strong></span> <span class='ocrx_word' id='word_1_488' title='bbox 1761 1720 1834 1742; x_wconf 90' lang='lat' dir='ltr'><strong>cum</strong></span> 
     </span>
     <span class='ocr_line' id='line_1_76' title="bbox 1055 1764 1836 1806; baseline -0.001 -10"><span class='ocrx_word' id='word_1_489' title='bbox 1055 1765 1245 1806; x_wconf 80' lang='lat' dir='ltr'><strong>praedicator</strong></span> <span class='ocrx_word' id='word_1_490' title='bbox 1262 1774 1325 1796; x_wconf 91' lang='lat' dir='ltr'><strong>non</strong></span> <span class='ocrx_word' id='word_1_491' title='bbox 1341 1765 1455 1796; x_wconf 75' lang='lat' dir='ltr'><strong>debeat</strong></span> <span class='ocrx_word' id='word_1_492' title='bbox 1468 1764 1633 1804; x_wconf 84' lang='lat' dir='ltr'><strong>arguendo</strong></span> <span class='ocrx_word' id='word_1_493' title='bbox 1646 1764 1836 1796; x_wconf 88' lang='lat' dir='ltr'><strong>descendere</strong></span> 
     </span>
     <span class='ocr_line' id='line_1_77' title="bbox 1055 1818 1835 1859; baseline 0 -9"><span class='ocrx_word' id='word_1_494' title='bbox 1055 1819 1094 1850; x_wconf 84' lang='lat' dir='ltr'><strong>ad</strong></span> <span class='ocrx_word' id='word_1_495' title='bbox 1109 1820 1228 1859; x_wconf 86' lang='lat' dir='ltr'><strong>species</strong></span> <span class='ocrx_word' id='word_1_496' title='bbox 1245 1820 1458 1859; x_wconf 85' lang='lat' dir='ltr'><strong>peccatorum,</strong></span> <span class='ocrx_word' id='word_1_497' title='bbox 1478 1818 1533 1849; x_wconf 91' lang='lat' dir='ltr'><strong>sed</strong></span> <span class='ocrx_word' id='word_1_498' title='bbox 1548 1818 1582 1848; x_wconf 91' lang='lat' dir='ltr'><strong>in</strong></span> <span class='ocrx_word' id='word_1_499' title='bbox 1597 1827 1718 1858; x_wconf 82' lang='lat' dir='ltr'><strong>genere</strong></span> <span class='ocrx_word' id='word_1_500' title='bbox 1730 1818 1835 1850; x_wconf 88' lang='lat' dir='ltr'><strong>solum</strong></span> 
     </span>
     <span class='ocr_line' id='line_1_78' title="bbox 1054 1872 1837 1910; baseline 0 -6"><span class='ocrx_word' id='word_1_501' title='bbox 1054 1873 1220 1905; x_wconf 82' lang='lat' dir='ltr'><strong>ostendere</strong></span> <span class='ocrx_word' id='word_1_502' title='bbox 1235 1873 1313 1904; x_wconf 88' lang='lat' dir='ltr'><strong>vitia</strong></span> <span class='ocrx_word' id='word_1_503' title='bbox 1326 1875 1357 1904; x_wconf 89' lang='lat' dir='ltr'><strong>et</strong></span> <span class='ocrx_word' id='word_1_504' title='bbox 1382 1872 1530 1910; x_wconf 79' lang='lat' dir='ltr'><strong>virtutes,</strong></span> <span class='ocrx_word' id='word_1_505' title='bbox 1548 1874 1579 1903; x_wconf 89' lang='lat' dir='ltr'><strong>et</strong></span> <span class='ocrx_word' id='word_1_506' title='bbox 1599 1872 1726 1903; x_wconf 91' lang='lat' dir='ltr'><strong>nullum</strong></span> <span class='ocrx_word' id='word_1_507' title='bbox 1748 1874 1837 1904; x_wconf 86' lang='lat' dir='ltr'><strong>nota-</strong></span> 
     </span>
     <span class='ocr_line' id='line_1_79' title="bbox 1055 1926 1837 1966; baseline -0.001 -8"><span class='ocrx_word' id='word_1_508' title='bbox 1055 1928 1160 1959; x_wconf 85' lang='lat' dir='ltr'><strong>biliter</strong></span> <span class='ocrx_word' id='word_1_509' title='bbox 1189 1927 1384 1958; x_wconf 83' lang='lat' dir='ltr'><strong>confundere</strong></span> <span class='ocrx_word' id='word_1_510' title='bbox 1407 1935 1515 1958; x_wconf 89' lang='lat' dir='ltr'><strong>coram</strong></span> <span class='ocrx_word' id='word_1_511' title='bbox 1542 1926 1661 1966; x_wconf 90' lang='lat' dir='ltr'><strong>populo</strong></span> <span class='ocrx_word' id='word_1_512' title='bbox 1675 1950 1683 1964; x_wconf 93' lang='lat'><strong>,</strong></span> <span class='ocrx_word' id='word_1_513' title='bbox 1710 1928 1837 1966; x_wconf 86' lang='lat' dir='ltr'><strong>peccata</strong></span> 
     </span>
     <span class='ocr_line' id='line_1_80' title="bbox 1055 1979 1834 2022; baseline -0.001 -9"><span class='ocrx_word' id='word_1_514' title='bbox 1055 1991 1115 2013; x_wconf 89' lang='lat' dir='ltr'><strong>sua</strong></span> <span class='ocrx_word' id='word_1_515' title='bbox 1130 1981 1254 2022; x_wconf 91' lang='lat' dir='ltr'><strong>publice</strong></span> <span class='ocrx_word' id='word_1_516' title='bbox 1269 1981 1319 2021; x_wconf 86' lang='lat' dir='ltr'><strong>obj</strong></span> <span class='ocrx_word' id='word_1_517' title='bbox 1326 1981 1484 2020; x_wconf 77' lang='lat' dir='ltr'><strong>urgendo,</strong></span> <span class='ocrx_word' id='word_1_518' title='bbox 1501 1979 1570 2011; x_wconf 89' lang='lat' dir='ltr'><strong>aliis</strong></span> <span class='ocrx_word' id='word_1_519' title='bbox 1588 1981 1622 2010; x_wconf 87' lang='lat' dir='ltr'><strong>in</strong></span> <span class='ocrx_word' id='word_1_520' title='bbox 1637 1980 1834 2012; x_wconf 85' lang='lat' dir='ltr'><strong>scandalum.</strong></span> 
     </span>
    </p>
   </div>
   <div class='ocr_carea' id='block_1_5' title="bbox 1372 2075 1524 2110">
    <p class='ocr_par' dir='ltr' id='par_1_6' title="bbox 1372 2075 1524 2110">
     <span class='ocr_line' id='line_1_81' title="bbox 1372 2075 1524 2110; baseline 0.007 -9"><span class='ocrx_word' id='word_1_521' title='bbox 1372 2075 1524 2110; x_wconf 78' lang='lat' dir='ltr'><strong>Responsio.</strong></span> 
     </span>
    </p>
   </div>
   <div class='ocr_carea' id='block_1_6' title="bbox 1052 2141 1835 2718">
    <p class='ocr_par' dir='ltr' id='par_1_7' title="bbox 1052 2141 1835 2718">
     <span class='ocr_line' id='line_1_82' title="bbox 1098 2141 1833 2182; baseline -0.003 -8"><span class='ocrx_word' id='word_1_522' title='bbox 1098 2143 1354 2182; x_wconf 79' lang='lat' dir='ltr'><strong>intelligentibus</strong></span> <span class='ocrx_word' id='word_1_523' title='bbox 1370 2144 1503 2180; x_wconf 83' lang='lat' dir='ltr'><strong>constat,</strong></span> <span class='ocrx_word' id='word_1_524' title='bbox 1520 2141 1607 2182; x_wconf 86' lang='lat' dir='ltr'><strong>quod</strong></span> <span class='ocrx_word' id='word_1_525' title='bbox 1626 2141 1765 2173; x_wconf 89' lang='lat' dir='ltr'><strong>multum</strong></span> <span class='ocrx_word' id='word_1_526' title='bbox 1775 2141 1833 2173; x_wconf 82' lang='lat' dir='ltr'><strong>dis-</strong></span> 
     </span>
     <span class='ocr_line' id='line_1_83' title="bbox 1056 2195 1833 2237; baseline -0.004 -9"><span class='ocrx_word' id='word_1_527' title='bbox 1056 2198 1162 2229; x_wconf 85' lang='lat' dir='ltr'><strong>serunt</strong></span> <span class='ocrx_word' id='word_1_528' title='bbox 1177 2197 1258 2228; x_wconf 86' lang='lat' dir='ltr'><strong>actio</strong></span> <span class='ocrx_word' id='word_1_529' title='bbox 1270 2196 1401 2237; x_wconf 78' lang='lat' dir='ltr'><strong>jiidicis,</strong></span> <span class='ocrx_word' id='word_1_530' title='bbox 1413 2199 1443 2226; x_wconf 85' lang='lat' dir='ltr'><strong>et</strong></span> <span class='ocrx_word' id='word_1_531' title='bbox 1455 2195 1604 2226; x_wconf 83' lang='lat' dir='ltr'><strong>doctoris.</strong></span> <span class='ocrx_word' id='word_1_532' title='bbox 1620 2195 1635 2227; x_wconf 90' lang='lat' dir='ltr'><strong>J</strong></span> <span class='ocrx_word' id='word_1_533' title='bbox 1639 2195 1724 2226; x_wconf 79' lang='lat' dir='ltr'><strong>udex</strong></span> <span class='ocrx_word' id='word_1_534' title='bbox 1734 2195 1833 2234; x_wconf 86' lang='lat' dir='ltr'><strong>enim,</strong></span> 
     </span>
     <span class='ocr_line' id='line_1_84' title="bbox 1055 2249 1835 2291; baseline -0.004 -9"><span class='ocrx_word' id='word_1_535' title='bbox 1055 2252 1093 2283; x_wconf 88' lang='lat' dir='ltr'><strong>ad</strong></span> <span class='ocrx_word' id='word_1_536' title='bbox 1105 2260 1201 2291; x_wconf 78' lang='lat' dir='ltr'><strong>quem</strong></span> <span class='ocrx_word' id='word_1_537' title='bbox 1212 2252 1331 2291; x_wconf 86' lang='lat' dir='ltr'><strong>spectat</strong></span> <span class='ocrx_word' id='word_1_538' title='bbox 1340 2249 1492 2281; x_wconf 86' lang='lat' dir='ltr'><strong>correctio</strong></span> <span class='ocrx_word' id='word_1_539' title='bbox 1498 2249 1752 2289; x_wconf 76' lang='lat' dir='ltr'><strong>delinquentium</strong></span> <span class='ocrx_word' id='word_1_540' title='bbox 1763 2249 1835 2280; x_wconf 82' lang='lat' dir='ltr'><strong>sub-</strong></span> 
     </span>
     <span class='ocr_line' id='line_1_85' title="bbox 1055 2303 1835 2342; baseline -0.003 -6"><span class='ocrx_word' id='word_1_541' title='bbox 1055 2305 1207 2342; x_wconf 81' lang='lat' dir='ltr'><strong>ditorum,</strong></span> <span class='ocrx_word' id='word_1_542' title='bbox 1223 2304 1316 2335; x_wconf 69' lang='lat' dir='ltr'><strong>debet</strong></span> <span class='ocrx_word' id='word_1_543' title='bbox 1339 2303 1545 2342; x_wconf 80' lang='lat' dir='ltr'><strong>investigare,</strong></span> <span class='ocrx_word' id='word_1_544' title='bbox 1562 2312 1712 2334; x_wconf 80' lang='lat' dir='ltr'><strong>excessus</strong></span> <span class='ocrx_word' id='word_1_545' title='bbox 1734 2303 1835 2334; x_wconf 89' lang='lat' dir='ltr'><strong>delin-</strong></span> 
     </span>
     <span class='ocr_line' id='line_1_86' title="bbox 1055 2357 1834 2400; baseline -0.004 -10"><span class='ocrx_word' id='word_1_546' title='bbox 1055 2359 1187 2400; x_wconf 87' lang='lat' dir='ltr'><strong>quentiu</strong></span> <span class='ocrx_word' id='word_1_547' title='bbox 1194 2368 1224 2389; x_wconf 91' lang='lat' dir='ltr'><strong>m</strong></span> <span class='ocrx_word' id='word_1_548' title='bbox 1239 2358 1361 2396; x_wconf 86' lang='lat' dir='ltr'><strong>audire,</strong></span> <span class='ocrx_word' id='word_1_549' title='bbox 1375 2360 1469 2388; x_wconf 84' lang='lat' dir='ltr'><strong>testes</strong></span> <span class='ocrx_word' id='word_1_550' title='bbox 1483 2357 1634 2397; x_wconf 86' lang='lat' dir='ltr'><strong>recipere,</strong></span> <span class='ocrx_word' id='word_1_551' title='bbox 1649 2359 1834 2399; x_wconf 88' lang='lat' dir='ltr'><strong>peccantem</strong></span> 
     </span>
     <span class='ocr_line' id='line_1_87' title="bbox 1055 2410 1831 2451; baseline -0.004 -8"><span class='ocrx_word' id='word_1_552' title='bbox 1055 2413 1162 2451; x_wconf 84' lang='lat' dir='ltr'><strong>citare,</strong></span> <span class='ocrx_word' id='word_1_553' title='bbox 1175 2412 1312 2443; x_wconf 86' lang='lat' dir='ltr'><strong>crimina</strong></span> <span class='ocrx_word' id='word_1_554' title='bbox 1322 2414 1432 2442; x_wconf 84' lang='lat' dir='ltr'><strong>contra</strong></span> <span class='ocrx_word' id='word_1_555' title='bbox 1447 2411 1551 2451; x_wconf 88' lang='lat' dir='ltr'><strong>ipsum</strong></span> <span class='ocrx_word' id='word_1_556' title='bbox 1560 2410 1723 2450; x_wconf 85' lang='lat' dir='ltr'><strong>proposita</strong></span> <span class='ocrx_word' id='word_1_557' title='bbox 1733 2410 1761 2441; x_wconf 87' lang='lat' dir='ltr'><strong>ci</strong></span> <span class='ocrx_word' id='word_1_558' title='bbox 1778 2410 1831 2441; x_wconf 90' lang='lat' dir='ltr'><strong>ob-</strong></span> 
     </span>
     <span class='ocr_line' id='line_1_88' title="bbox 1052 2462 1832 2507; baseline -0.004 -10"><span class='ocrx_word' id='word_1_559' title='bbox 1052 2468 1162 2507; x_wconf 80' lang='lat' dir='ltr'><strong>jicere,</strong></span> <span class='ocrx_word' id='word_1_560' title='bbox 1176 2469 1349 2505; x_wconf 80' lang='lat' dir='ltr'><strong>negantem</strong></span> <span class='ocrx_word' id='word_1_561' title='bbox 1364 2465 1564 2501; x_wconf 81' lang='lat' dir='ltr'><strong>convincere,</strong></span> <span class='ocrx_word' id='word_1_562' title='bbox 1583 2464 1766 2495; x_wconf 88' lang='lat' dir='ltr'><strong>convictum</strong></span> <span class='ocrx_word' id='word_1_563' title='bbox 1781 2462 1832 2494; x_wconf 83' lang='lat' dir='ltr'><strong>vel</strong></span> 
     </span>
     <span class='ocr_line' id='line_1_89' title="bbox 1056 2516 1833 2560; baseline -0.006 -9"><span class='ocrx_word' id='word_1_564' title='bbox 1056 2522 1236 2552; x_wconf 80' lang='lat' dir='ltr'><strong>consessum</strong></span> <span class='ocrx_word' id='word_1_565' title='bbox 1252 2520 1376 2560; x_wconf 86' lang='lat' dir='ltr'><strong>punire,</strong></span> <span class='ocrx_word' id='word_1_566' title='bbox 1392 2521 1612 2549; x_wconf 86' lang='lat' dir='ltr'><strong>contumacem</strong></span> <span class='ocrx_word' id='word_1_567' title='bbox 1630 2516 1778 2556; x_wconf 84' lang='lat' dir='ltr'><strong>amplius,</strong></span> <span class='ocrx_word' id='word_1_568' title='bbox 1796 2517 1833 2547; x_wconf 86' lang='lat' dir='ltr'><strong>ut</strong></span> 
     </span>
     <span class='ocr_line' id='line_1_90' title="bbox 1055 2569 1831 2614; baseline -0.006 -9"><span class='ocrx_word' id='word_1_569' title='bbox 1055 2575 1161 2614; x_wconf 85' lang='lat' dir='ltr'><strong>magis</strong></span> <span class='ocrx_word' id='word_1_570' title='bbox 1177 2577 1345 2612; x_wconf 84' lang='lat' dir='ltr'><strong>terreatur,</strong></span> <span class='ocrx_word' id='word_1_571' title='bbox 1362 2575 1494 2609; x_wconf 85' lang='lat' dir='ltr'><strong>arctare,</strong></span> <span class='ocrx_word' id='word_1_572' title='bbox 1512 2574 1543 2602; x_wconf 89' lang='lat' dir='ltr'><strong>et</strong></span> <span class='ocrx_word' id='word_1_573' title='bbox 1557 2579 1672 2610; x_wconf 82' lang='lat' dir='ltr'><strong>cogere</strong></span> <span class='ocrx_word' id='word_1_574' title='bbox 1684 2569 1723 2601; x_wconf 89' lang='lat' dir='ltr'><strong>ad</strong></span> <span class='ocrx_word' id='word_1_575' title='bbox 1739 2569 1831 2600; x_wconf 85' lang='lat' dir='ltr'><strong>satis-</strong></span> 
     </span>
     <span class='ocr_line' id='line_1_91' title="bbox 1054 2624 1831 2666; baseline -0.006 -7"><span class='ocrx_word' id='word_1_576' title='bbox 1054 2628 1223 2659; x_wconf 80' lang='lat' dir='ltr'><strong>factionem</strong></span> <span class='ocrx_word' id='word_1_577' title='bbox 1235 2651 1244 2666; x_wconf 83' lang='lat'><strong>,</strong></span> <span class='ocrx_word' id='word_1_578' title='bbox 1270 2627 1366 2658; x_wconf 80' lang='lat' dir='ltr'><strong>etiam</strong></span> <span class='ocrx_word' id='word_1_579' title='bbox 1393 2626 1542 2657; x_wconf 82' lang='lat' dir='ltr'><strong>invitum.</strong></span> <span class='ocrx_word' id='word_1_580' title='bbox 1562 2625 1640 2656; x_wconf 86' lang='lat' dir='ltr'><strong>Cum</strong></span> <span class='ocrx_word' id='word_1_581' title='bbox 1661 2632 1739 2664; x_wconf 86' lang='lat' dir='ltr'><strong>ergo</strong></span> <span class='ocrx_word' id='word_1_582' title='bbox 1764 2624 1831 2655; x_wconf 79' lang='lat' dir='ltr'><strong>for-</strong></span> 
     </span>
     <span class='ocr_line' id='line_1_92' title="bbox 1056 2677 1830 2718; baseline -0.009 -4"><span class='ocrx_word' id='word_1_583' title='bbox 1056 2691 1142 2714; x_wconf 89' lang='lat' dir='ltr'><strong>mam</strong></span> <span class='ocrx_word' id='word_1_584' title='bbox 1158 2683 1252 2713; x_wconf 75' lang='lat' dir='ltr'><strong>istam</strong></span> <span class='ocrx_word' id='word_1_585' title='bbox 1266 2681 1398 2712; x_wconf 88' lang='lat' dir='ltr'><strong>omnino</strong></span> <span class='ocrx_word' id='word_1_586' title='bbox 1412 2688 1476 2710; x_wconf 90' lang='lat' dir='ltr'><strong>non</strong></span> <span class='ocrx_word' id='word_1_587' title='bbox 1488 2681 1652 2709; x_wconf 81' lang='lat' dir='ltr'><strong>teneamus</strong></span> <span class='ocrx_word' id='word_1_588' title='bbox 1667 2678 1699 2708; x_wconf 92' lang='lat' dir='ltr'><strong>in</strong></span> <span class='ocrx_word' id='word_1_589' title='bbox 1714 2677 1830 2718; x_wconf 81' lang='lat' dir='ltr'><strong>praedi-</strong></span> 
     </span>
    </p>
   </div>
   <div class='ocr_carea' id='block_1_7' title="bbox 1090 2740 1661 2777">
    <p class='ocr_par' dir='ltr' id='par_1_8' title="bbox 1090 2740 1661 2777">
     <span class='ocr_line' id='line_1_93' title="bbox 1090 2740 1661 2777; baseline -0.011 -7"><span class='ocrx_word' id='word_1_590' title='bbox 1090 2746 1122 2777; x_wconf 60' lang='lat' dir='ltr'><strong>(a)</strong></span> <span class='ocrx_word' id='word_1_591' title='bbox 1140 2746 1196 2776; x_wconf 59' lang='lat' dir='ltr'><em>Las).</em></span> <span class='ocrx_word' id='word_1_592' title='bbox 1213 2745 1331 2770; x_wconf 79' lang='lat' dir='ltr'><strong>sciamus.</strong></span> <span class='ocrx_word' id='word_1_593' title='bbox 1350 2758 1375 2761; x_wconf 91' lang='lat'><em>-</em></span> <span class='ocrx_word' id='word_1_594' title='bbox 1390 2743 1420 2774; x_wconf 65' lang='lat' dir='ltr'><strong>(h)</strong></span> <span class='ocrx_word' id='word_1_595' title='bbox 1436 2743 1491 2773; x_wconf 75' lang='lat' dir='ltr'><strong>Leq.</strong></span> <span class='ocrx_word' id='word_1_596' title='bbox 1509 2740 1661 2772; x_wconf 77' lang='lat' dir='ltr'><strong>requiratur.</strong></span> 
     </span>
    </p>
   </div>
   <div class='ocr_carea' id='block_1_8' title="bbox 1849 2151 1957 2204">
    <p class='ocr_par' dir='ltr' id='par_1_9' title="bbox 1849 2151 1957 2204">
     <span class='ocr_line' id='line_1_94' title="bbox 1871 2151 1957 2173; baseline 0 0"><span class='ocrx_word' id='word_1_597' title='bbox 1871 2153 1884 2173; x_wconf 84' lang='lat' dir='ltr'>J</span> <span class='ocrx_word' id='word_1_598' title='bbox 1886 2151 1957 2173; x_wconf 73' lang='lat' dir='ltr'><strong>udicis</strong></span> 
     </span>
     <span class='ocr_line' id='line_1_95' title="bbox 1849 2183 1928 2204; baseline 0 0"><span class='ocrx_word' id='word_1_599' title='bbox 1849 2183 1928 2204; x_wconf 73' lang='lat' dir='ltr'><strong>officia.</strong></span> 
     </span>
    </p>
   </div>
   <div class='ocr_carea' id='block_1_9' title="bbox 1969 0 2029 1432">
    <p class='ocr_par' dir='ltr' id='par_1_10' title="bbox 1969 0 2029 1432">
     <span class='ocr_line' id='line_1_96' title="bbox 1969 0 2029 1432; baseline 0 0"><span class='ocrx_word' id='word_1_600' title='bbox 1969 0 2029 1432; x_wconf 95' lang='lat' dir='ltr'><strong> </strong></span> 
     </span>
    </p>
   </div>
  </div>
 </body>
</html>
