2029 3052
603 183 642 216 IN
666 181 855 215 REGULAM
877 180 1069 214 FRATRUM
1090 182 1289 216 MINORUM.

140 254 227 294 patet
240 262 298 294 per
309 253 388 286 illud
403 252 489 295 quod
506 252 651 293 sequitur
666 262 673 282 ε
692 252 778 290 Ouia
790 250 919 283 verbam

141 307 361 341 abbreviatum
385 307 462 348 fecit
484 307 642 340 Dominus
665 313 758 346 super
786 307 916 337 terram.

143 360 204 392 Ista
217 361 305 393 enim
322 361 520 393 abbreviatio
534 369 600 392 non
613 359 766 396 excludit,
782 367 856 390 cum
866 367 920 389 ex-

141 414 246 454 pedit,
271 415 427 446 sermonis
450 414 685 455 prolixitatem,
707 412 783 453 quia
811 411 918 443 Domi-

142 476 204 499 nus
219 468 286 508 ipse
300 468 472 508 aliquando
487 467 610 509 prolixe
625 466 822 507 praedicavit‚
838 465 920 496 sicut

143 523 228 562 patet
240 522 274 553 in
286 522 410 555 Ioanne
421 523 442 561 ¹,
458 523 490 553 et
505 521 682 554 Matthoe02.
699 519 760 552 Sed
782 519 921 551 brevitas

141 575 310 608 dicituribi
325 576 480 608 restrictio
494 576 535 616 (a)
553 575 699 607 omnium
712 573 868 614 legalium
881 572 921 604 ad

142 639 246 661 unum
269 629 431 662 Christum
445 642 452 669 3
470 630 547 661 item
561 629 704 661 exclusio
719 627 921 660 caerimonia-

141 683 235 723 lium,
254 686 286 716 et
298 684 532 716 commendatio
547 683 718 716 moralium
731 694 738 722 ;
756 683 832 714 item
846 682 922 713 bre-

143 738 226 769 vitas
239 740 286 770 est
304 738 442 770 charitas
453 762 462 777 ,
476 747 550 779 quae
565 737 705 769 continet
722 737 756 767 in
774 745 808 767 se
823 737 922 768 totam

142 791 252 832 legem
274 791 314 823 ad
336 791 485 823 litteram.
521 791 624 822 Etiam
650 790 845 822 studendum
877 791 924 821 est

142 845 310 884 brevitati,
325 845 403 886 quia
416 844 585 886 prolixitas
596 868 605 883 ,
628 843 813 884 generando
832 843 922 874 fasti-

143 898 251 938 dium,
268 898 430 930 auditores
453 898 573 938 pluries
596 897 729 928 retrahit
743 896 783 927 ab
797 896 921 927 auditu.

144 951 193 983 Ex
209 954 267 984 isto
282 952 420 993 capitulo
435 954 531 993 patet,
548 951 635 992 quod
650 951 812 988 fratribus,
824 959 865 981 ex
879 949 924 980 in-

144 1007 286 1038 tentione
300 1006 336 1038 B.
346 1006 517 1045 Francisci,
530 1006 686 1037 incumbit
698 1005 836 1042 studere,
848 1005 924 1044 qnia

145 1060 215 1092 sine
239 1060 344 1092 studio
359 1069 426 1091 non
443 1062 576 1101 possunt
594 1060 693 1091 verba
709 1059 803 1090 modo
818 1058 924 1089 debito

145 1115 342 1146 examinare.
362 1113 451 1146 Patet
474 1115 570 1146 etiam
585 1114 671 1154 quod
683 1114 796 1144 fratres
810 1122 851 1144 ex
866 1121 925 1143 sua

146 1168 343 1208 professione
371 1169 491 1199 habent
511 1168 701 1209 praedicare,
723 1168 756 1198 in
784 1175 924 1207 quorum

146 1221 264 1261 regula
287 1222 370 1253 inter
401 1231 513 1253 omnes
536 1221 681 1262 specialis
711 1222 861 1252 tractatus
886 1220 924 1251 de

145 1275 380 1316 praedicationis
389 1275 494 1307 officio
504 1276 685 1307 continetur
696 1285 704 1314 3
719 1275 806 1306 unde
819 1274 925 1306 certis-

145 1329 225 1361 sime
239 1332 372 1369 constat,
386 1330 473 1370 quod
485 1330 583 1361 nullis
593 1330 665 1361 aliis
679 1329 840 1369 religiosis
850 1329 923 1369 plus

146 1384 296 1425 competit
320 1384 493 1425 praedicare
519 1394 559 1416 ex
588 1384 711 1416 ratione
737 1386 837 1414 status
861 1384 922 1422 sui,

146 1447 245 1478 quam
259 1438 321 1478 1115,
338 1439 394 1479 (1111
410 1439 493 1470 hanc
507 1438 654 1478 regulam
669 1438 873 1479 profitentur.

411 1549 581 1583 CAPUT
613 1549 656 1582 X.

229 1630 268 1657 De
287 1630 469 1658 admonitione
489 1633 514 1658 et
533 1631 695 1658 correctione
713 1631 845 1664 fratrum.

187 1707 313 1739 Fratres
324 1708 382 1749 qui
396 1713 472 1740 sunt
490 1708 627 1740 ministri
642 1710 673 1739 et
687 1708 774 1739 servi
789 1708 926 1740 aliorum

146 1761 295 1801 fratrum,
308 1762 440 1793 visitent
454 1765 486 1793 et
500 1764 654 1794 moneant
669 1763 780 1794 fratres
795 1771 879 1802 suos,
897 1765 928 1793 et

148 1814 314 1846 humiliter
333 1816 364 1846 et
390 1815 579 1847 charitative
599 1816 764 1855 0011130111.
781 1825 846 1855 005,
860 1825 926 1847 11011

148 1869 370 1909 praecipientes
385 1869 430 1900 eis
441 1869 562 1910 aliquid
576 1870 661 1910 quod
676 1870 717 1900 sit
731 1871 841 1901 contra
856 1871 925 1901 ani-

148 1931 236 1953 mam
267 1932 359 1954 suam
383 1925 414 1954 et
437 1923 586 1963 regulam
614 1925 769 1954 nostram.
802 1923 928 1954 Fratres

149 1985 227 2007 vero
242 1977 299 2017 qui
313 1979 388 2007 sunt
398 1977 525 2016 subditi,
540 1977 747 2008 recordentur
761 1977 847 2018 quod
858 1987 929 2018 pro-

148 2031 218 2068 pter
232 2029 334 2060 Deum
351 2029 599 2069 abnegaverunt
613 2030 758 2070 proprias
776 2030 927 2062 volunta-

150 2084 208 2113 tes.
224 2082 314 2114 Unde
328 2083 465 2114 firmiter
484 2084 637 2124 praecipio
652 2084 714 2123 015,
730 2086 767 2115 111
781 2085 929 2116 obedient

150 2137 216 2168 suis
231 2138 386 2169 ministris
398 2138 432 2169 in
447 2138 608 2178 omnibuS,
624 2148 698 2179 quae
713 2140 929 2180 promiserunt

151 2191 286 2223 Domino
306 2192 498 2231 observare,
522 2194 552 2223 et
575 2201 640 2224 non
668 2196 744 2224 sunt
771 2194 929 2225 contraria

150 2245 269 2276 animae
279 2247 310 2276 et
323 2246 448 2285 regulae
462 2248 594 2285 nostrae,
606 2248 637 2277 et
647 2246 843 2287 ubicumque
856 2250 930 2278 sunt

150 2299 281 2339 fratres,
299 2300 355 2340 qui
378 2301 494 2332 scirent
512 2303 543 2332 et
557 2304 789 2341 cognoscerent
809 2310 843 2332 se
865 2310 929 2332 non

150 2362 241 2393 posse
271 2354 421 2394 regulam
444 2354 650 2395 spiritualiter
671 2356 863 2394 observare,
890 2355 929 2386 ad

151 2417 226 2439 suos
239 2408 404 2439 ministros
419 2408 554 2439 debeant
567 2411 597 2440 et
614 2409 736 2449 possint
750 2418 926 2440 recurrere.

151 2461 287 2493 Ministri
302 2471 378 2494 vero
393 2462 582 2494 charitative
598 2465 628 2493 et
650 2463 790 2503 benigne
808 2472 862 2494 eos
878 2472 928 2494 re-

150 2516 285 2556 cipiant,
313 2518 344 2547 et
372 2518 493 2547 tantam
520 2516 767 2548 familiaritatem
789 2517 930 2548 habeant

151 2571 234 2602 circa
256 2572 361 2612 ipsos,
388 2574 424 2602 ut
444 2572 548 2603 dicere
566 2574 686 2612 possint
707 2573 752 2604 eis
775 2575 806 2604 et
826 2574 928 2604 facere

183 2652 191 2668 ¹
206 2652 289 2682 Joan„
312 2659 431 2677 siv-xvii.
452 2666 482 2672 —
501 2655 509 2668 ²
530 2653 637 2684 Matth.‚
657 2660 731 2678 v-v11.
747 2668 777 2672 —
796 2654 806 2670 ³
825 2655 927 2684 Metto„

152 2693 176 2718 v,
192 2689 231 2712 44.
244 2701 276 2706 —
288 2689 299 2706 ὓ
314 2689 388 2721 ibid„
403 2691 442 2714 10.
457 2703 488 2708 —
501 2690 511 2707 ⁵
529 2690 602 2721 ibid„
618 2697 645 2721 x,
659 2692 697 2716 22.

273 2742 348 2766 ΤΟΜ.
369 2744 438 2767 XIV-

1696 190 1753 221 593

975 250 1057 281 sicut
1071 250 1192 282 domini
1206 252 1304 283 servis
1318 252 1395 284 suis,
1414 251 1495 284 Nam
1513 253 1556 285 ita
1570 254 1662 287 debet
1672 264 1752 296 esse,

975 304 1060 344 quod
1071 303 1205 336 Ministri
1214 305 1278 338 sint
1287 306 1371 338 servi
1381 307 1527 339 omnium
1537 308 1684 341 fratrum.
1692 309 1756 342 Mo-

976 366 1035 389 neo
1048 367 1122 390 vero
1133 361 1164 390 et
1178 359 1331 392 exhortor
1344 361 1376 392 in
1387 360 1520 393 Domino
1533 364 1610 394 Jesu
1618 363 1754 403 Christo,

976 414 1012 443 ut
1021 414 1154 444 caveant
1162 413 1273 445 fratres
1281 415 1321 446 ab
1328 415 1416 446 omni
1427 417 1588 456 superbia,
1597 418 1757 458 110110310-

976 466 1035 505 ria,
1052 467 1192 506 invidia,
1213 468 1366 508 avaritia,
1393 478 1470 501 cura
1492 473 1523 502 et
1545 470 1757 504 sollicitudine

978 520 1078 560 hujus
1097 521 1217 560 saeculi,
1234 522 1427 555 detractione
1441 525 1473 556 et
1487 525 1754 558 murmuratione.

977 573 1016 606 Et
1042 583 1107 606 non
1133 578 1246 607 curent
1274 577 1449 609 nescientes
1477 579 1608 619 litteras,
1635 580 1758 612 litteras

978 628 1110 668 discere,
1126 630 1180 660 sed
1196 630 1362 662 attendant
1376 632 1461 672 quod
1476 642 1573 674 super
1586 634 1695 666 omnia
1707 635 1759 667 de-

978 682 1116 715 siderare
1139 684 1255 716 debent
1273 685 1391 717 habere
1408 686 1558 727 spiritum
1573 688 1711 729 Domini,
1727 693 1759 721 et

979 737 1120 766 sanctam
1135 736 1205 776 ers
1219 737 1449 778 operationem,
1467 748 1559 771 orare
1577 749 1704 781 semper
1718 741 1760 773 ad

978 798 1054 820 eum
1074 799 1156 830 puro
1178 791 1290 830 corde,
1308 795 1339 823 et
1360 792 1479 825 habere
1498 793 1714 827 humilitatem
1727 798 1759 827 et

979 843 1164 882 patientiam
1180 845 1213 876 in
1224 847 1457 886 persecutione,
1469 849 1500 878 et
1511 848 1545 878 in
1559 848 1758 889 infirmitate,

980 898 1011 926 et
1025 896 1160 937 diligere
1175 907 1228 930 eos
1243 900 1300 940 qui
1323 909 1380 932 nos
1395 904 1644 942 persequuntur,
1661 905 1693 934 et
1707 912 1758 935 re—

980 950 1182 990 prehendunt
1205 955 1237 984 et
1256 957 1420 994 arguunt,
1447 956 1524 996 quia
1552 956 1627 987 dicit
1649 956 1758 988 Domi-

980 1013 1041 1035 nus
1057 1007 1067 1024 ³
1087 1017 1093 1036 :
1111 1006 1244 1047 Diliqite
1268 1009 1420 1042 inimicos
1451 1013 1584 1050 vestros,
1617 1014 1647 1044 et
1668 1020 1760 1044 orare

977 1066 1037 1098 pro
1059 1062 1318 1101 persequentibus
1342 1065 1371 1095 et
1395 1063 1672 1098 calumniantibus
1691 1073 1759 1098 vos.

980 1111 989 1128 ⁶
1000 1114 1107 1152 Beati,
1117 1116 1176 1154 qui
1186 1117 1437 1155 persecutionem
1450 1120 1625 1158 patiuntur
1632 1123 1762 1160 propter

979 1165 993 1205 φ’
997 1168 1156 1206 ustitiam,
1173 1171 1326 1209 quoniam
1340 1171 1484 1211 ipsorum
1498 1175 1545 1205 est
1557 1181 1692 1214 reynum
1706 1182 1763 1206 coe-

981 1222 1095 1256 lorum.
1112 1225 1122 1241 ⁵
1139 1226 1204 1263 Qui
1220 1229 1327 1259 autem
1344 1230 1595 1267 perseveraverit
1609 1238 1708 1270 usque
1724 1231 1762 1263 in

980 1277 1090 1316 finem,
1109 1278 1161 1311 hic
1174 1280 1284 1313 salvus
1299 1283 1373 1314 erit.

1259 1376 1482 1405 EXPOSITIO.

1021 1441 1150 1474 Fratres
1160 1443 1219 1482 qui
1227 1447 1305 1476 sunt
1319 1445 1468 1477 ministri
1481 1449 1509 1477 ei
1523 1447 1610 1478 servi
1623 1446 1763 1479 aliorum

981 1494 1133 1534 fratrum,
1149 1499 1208 1528 etc.
1226 1497 1395 1539 Descriptis
1404 1499 1507 1531 tribus
1515 1500 1615 1541 hujus
1625 1501 1763 1533 civitatis

982 1548 1147 1589 lateribus,
1163 1550 1217 1582 1110
1228 1551 1376 1584 describit
1383 1553 1466 1584 latus
1476 1557 1642 1594 quartum,
1658 1557 1763 1587 totum

982 1611 1124 1643 vergens
1149 1605 1188 1635 ad
1208 1607 1368 1644 austrum,
1387 1608 1418 1637 et
1438 1607 1535 1639 etiam
1557 1609 1597 1640 ad
1611 1608 1764 1641 interiora

983 1657 1094 1687 austri.
1112 1657 1150 1688 Et
1165 1657 1236 1689 haec
1260 1668 1335 1699 pars
1359 1660 1455 1692 habet
1477 1663 1552 1701 tres,
1568 1663 1645 1703 quia
1658 1663 1764 1703 prima

983 1720 1056 1751 pars
1066 1711 1156 1742 docet
1168 1721 1297 1744 servare
1312 1723 1442 1745 omnem
1458 1715 1586 1747 virtutis
1599 1717 1766 1757 perfectio-

982 1774 1056 1796 nem
1068 1789 1077 1803 ,
1105 1766 1268 1807 praecipue
1295 1767 1474 1806 charitatis;
1507 1771 1648 1803 secunda
1673 1772 1764 1803 docet

984 1828 1113 1850 servare
1127 1819 1221 1851 famae
1236 1821 1449 1853 sinceritatem
1466 1832 1485 1853 a
1503 1824 1652 1862 maculis,
1679 1834 1762 1865 9100-

983 1872 1078 1912 cipue
1116 1873 1289 1912 foeditatis3
1316 1875 1409 1906 tertia
1435 1876 1617 1909 sitientibus
1639 1881 1764 1919 marty-

982 1926 1069 1957 rium
1092 1927 1194 1967 aperit
1221 1928 1356 1968 aditum,
1385 1930 1502 1961 docens
1526 1931 1707 1963 infidelibus
1730 1941 1764 1964 50

979 1981 1132 2020 jungere,
1145 1981 1325 2013 domesticis
1332 1983 1494 2015 abdicatis.
1505 1984 1615 2016 Prima
1623 1995 1697 2026 9015
1709 1986 1764 2018 110-

984 2034 1037 2065 bet
1051 2036 1120 2065 octo
1133 2046 1140 2065 ;
1158 2035 1233 2075 quia
1248 2035 1352 2076 primo
1366 2036 1503 2077 imponit
1517 2039 1672 2071 ministris
1687 2050 1761 2081 pro-

983 2088 1176 2120 vincialibus
1195 2089 1396 2129 diligentiam
1418 2100 1524 2130 curae3
1539 2094 1680 2125 secundo
1698 2095 1760 2126 im-

983 2143 1074 2183 ponit
1088 2143 1221 2175 subditis
1234 2144 1462 2176 districtionem
1477 2147 1676 2188 obedientiae,
1697 2149 1760 2180 ibi:

985 2198 1116 2230 Fratres
1129 2207 1213 2236 vero,
1227 2200 1286 2239 qui
1299 2202 1376 2232 sunt
1389 2200 1515 2234 subditi
1522 2211 1535 2241 ;
1548 2202 1641 2234 tertio
1656 2203 1762 2234 fratri—

984 2252 1044 2283 bus
1064 2253 1207 2292 gravatis
1228 2253 1282 2284 dat
1302 2254 1494 2292 remedium,
1518 2256 1564 2286 ibi
1590 2267 1596 2287 :
1626 2257 1673 2290 Et
1696 2257 1765 2289 ubi-

986 2314 1117 2346 cumque
1130 2310 1207 2339 sunt
1214 2316 1227 2347 ,·
1238 2309 1354 2347 (1110110
1368 2308 1451 2339 circa
1467 2309 1528 2340 hoc
1543 2310 1649 2341 subdit
1666 2311 1763 2342 infor-

986 2360 1161 2391 mationem
1180 2360 1420 2401 ministrorum,
1441 2363 1507 2393 ibi:
1526 2363 1677 2396 Ministri
1691 2373 1764 2397 vero

986 2413 1139 2454 benique,·
1158 2414 1270 2455 quinto
1287 2415 1395 2447 subdit
1414 2416 1673 2449 informationem
1692 2428 1762 2449 om-

986 2468 1079 2499 nium
1099 2469 1235 2499 fratrum
1260 2468 1301 2500 ad
1328 2469 1516 2501 vitationem
1547 2473 1761 2512 peccatorum,

986 2522 1149 2563 praecipue
1173 2522 1404 2562 spiritualium,
1429 2524 1472 2555 ibi
1499 2535 1506 2556 ε
1532 2525 1641 2558 Moneo
1669 2534 1743 2558 vero
1750 2535 1764 2566 ,·

986 2578 1076 2607 sexto
1099 2576 1250 2608 informat
1271 2586 1324 2608 eos
1346 2577 1386 2608 ad
1404 2578 1582 2610 devotionis
1601 2579 1760 2620 spiritum,

985 2632 1016 2661 et
1032 2631 1184 2662 orationis
1197 2631 1396 2670 exercitium,
1411 2632 1457 2662 ibi
1473 2643 1479 2663 :
1498 2632 1559 2665 Sed
1569 2633 1741 2667 attendam
1748 2643 1764 2671 ;

1020 2694 1051 2725 (a)
1068 2694 1143 2718 Forte
1158 2694 1206 2725 leq.
1225 2694 1349 2719 reductio.

1609 2746 1647 2775 38
