2029 3052
807 175 947 209 LECTIO
968 175 1048 209 xvi.

118 254 225 282 suum,
249 253 304 274 nec
325 245 418 274 alium
441 245 539 274 virum
561 245 655 280 novit,
683 245 712 274 et
734 246 834 273 tamen
855 244 897 273 vi-

118 301 185 322 rum
199 295 259 322 tam
273 293 453 321 immensum
471 292 614 329 concepit.
636 291 768 328 Ideoque
787 293 899 327 Augus-

119 341 196 369 tinus
214 341 385 368 exclamans
399 339 486 368 dicit¹
504 348 511 368 :
532 349 546 366 a
566 341 588 369 Ο
601 339 722 368 foemina
735 346 824 375 super
847 339 899 367 foe-

118 387 214 416 minas
228 387 394 422 benedicta,
404 395 470 423 quoe
480 387 577 415 virum
590 385 713 414 omnino
724 393 786 414 non
800 385 895 421 novit,

118 436 146 462 et
160 434 259 462 virum
281 442 335 462 suo
359 436 444 462 utero
470 433 684 462 circumdedit!
702 443 715 460 n
739 433 784 462 Sic
814 440 896 468 ergo,

118 481 291 515 charissimi,
306 489 361 517 pro
375 481 540 509 humilitate
554 480 721 515 benedicta,
738 479 897 508 benedicta

117 528 172 564 pro
188 527 338 562 charitate,
353 527 512 556 benedicta
525 535 580 564 pro
595 527 725 562 lenitate,
741 526 898 555 benedicta

117 582 172 610 pro
188 574 366 610 strenuitate,
379 574 537 603 benedicta
547 582 601 610 pro
612 574 798 609 liberalitate,
809 574 899 602 bene-

118 621 197 649 dicta
224 629 279 658 pro
303 621 471 657 sobrietate,
500 621 658 650 benedicta
682 629 738 657 pro
766 621 896 649 castitate

118 669 206 697 Maria
219 669 324 696 merito
338 668 393 696 fuit
414 678 421 696 ε
445 677 511 705 quae
531 668 696 697 humilitate
717 668 898 697 excellentis-

117 715 203 750 sima,
220 715 359 744 charitate
384 715 618 751 opulentissima,
644 715 764 743 lenitate
783 715 897 751 patien-

118 762 239 796 tissima,
254 761 423 790 strenuitate
444 761 671 796 ferventissima,
695 762 829 797 largitate
853 762 897 790 af-

116 808 324 842 fluentissima,
347 808 504 837 sobrietate
525 808 784 844 abstfflentissima,
809 809 898 844 virgi—

116 855 206 883 nitate
231 855 482 883 continentissima
506 855 569 883 fuit.
596 855 646 884 Eia
665 863 755 891 erg0,
780 858 811 884 tu
838 858 899 884 tam

117 901 319 938 multipliciter
333 902 501 938 benedicta,
526 904 557 930 tu
578 904 639 931 tam
657 902 779 931 feliciter
798 911 900 940 super-

117 949 275 977 benedicta
295 949 394 985 Maria,
415 957 545 985 oramus,
562 952 594 978 ut
618 952 668 978 tua
691 950 898 978 benedictione

117 1004 172 1024 nos
195 997 319 1024 miseros
338 997 493 1025 absolutos
515 997 553 1024 ab
576 997 659 1025 omni
677 997 898 1032 maledictione,

119 1042 226 1078 dignos
242 1043 351 1071 reddas
366 1043 467 1072 divina
481 1043 699 1072 benedictione.
725 1046 779 1072 Per
800 1045 898 1073 Domi-

118 1097 191 1116 num
203 1091 336 1118 nostrum
350 1092 448 1118 Jesum
461 1091 616 1126 Christum,
634 1093 687 1119 etc.

389 1189 526 1218 LECTIO
550 1189 627 1219 XVI.

147 1256 214 1289 Quis
229 1257 254 1283 et
266 1256 355 1291 qualis
370 1257 407 1283 stt
421 1257 527 1289 fructus
541 1257 642 1283 ventris
660 1256 742 1283 beatae
758 1256 864 1284 Μανία».

153 1325 311 1353 Benedictus
337 1326 444 1358 fructus
467 1326 569 1352 ventris
597 1326 649 1352 tui.
676 1325 830 1353 Ostensum
857 1327 900 1353 est

118 1380 208 1408 supra
221 1371 374 1408 quomodo
386 1371 474 1399 Maria
487 1373 610 1407 propter
624 1371 814 1407 purissimam
832 1373 899 1401 vitae

118 1418 318 1447 innocentiam
326 1418 430 1446 merito
438 1426 491 1454 per
503 1419 559 1446 Ave
568 1418 725 1454 salutatur,
743 1420 898 1455 quomodo

119 1467 240 1502 propter
258 1465 494 1501 copiosissimam
515 1465 615 1500 gratiae
630 1465 822 1501 affluentiam,
839 1475 899 1494 me-

118 1513 174 1540 rito
204 1512 297 1548 gratia
326 1512 416 1548 plena
446 1515 711 1548 commemoratur,
743 1513 898 1549 quomodo

117 1561 238 1595 propter
252 1559 513 1587 familiarissimam
529 1559 576 1586 Dei
601 1560 787 1595 praesentiam
802 1561 898 1587 Domi—

117 1614 173 1633 nus
193 1614 294 1634 secum
314 1606 378 1633 fore
402 1606 578 1634 insinuatur.
603 1606 826 1634 Ostendendum
846 1615 899 1635 au-

117 1655 177 1681 tem
206 1661 287 1680 nunc
318 1654 360 1680 est
388 1653 543 1688 quomodo
565 1656 688 1689 propter
713 1653 899 1682 utilissimam

117 1700 210 1735 prolis
237 1708 298 1727 suae
323 1699 554 1734 excellentiam,
587 1699 692 1728 merito
725 1700 898 1729 benedictus

117 1746 227 1775 fructus
242 1747 352 1774 ventris
363 1747 408 1774 sui
422 1747 635 1783 proclamatur.
651 1748 811 1775 Benedictus
827 1756 897 1783 ergo

116 1795 223 1827 fructus
236 1795 342 1821 ventris
356 1795 407 1828 tui,
429 1802 447 1821 o
470 1793 625 1821 benedicta
648 1796 736 1822 Mater
751 1795 814 1822 Filii
836 1795 896 1823 Dei.

117 1840 166 1868 llic
189 1842 231 1867 est
252 1840 301 1867 ille
324 1840 444 1874 fructus,
467 1840 504 1867 de
529 1849 590 1876 quo
614 1841 760 1877 Propheta
783 1842 896 1870 dicit2:

118 1888 247 1914 Dominus
262 1887 339 1914 dabit
355 1887 558 1922 benignitatem,
578 1890 603 1915 et
626 1891 698 1916 terra
714 1892 808 1916 nostra
822 1889 899 1917 dabit

117 1936 238 1968 fructum
252 1942 330 1961 suum
346 1934 393 1969 (a).
414 1933 499 1967 Quod
513 1941 665 1969 exponens
684 1935 762 1963 Beda
777 1935 849 1963 dicit
862 1937 872 1953 ³
890 1945 896 1963 :

122 1991 135 2006 «
150 1981 233 2008 Dedit
248 1980 389 2008 Dominus
404 1980 628 2015 benignitatem,
640 1981 711 2017 quia
725 1982 755 2009 in
766 1982 898 2017 ingressu

118 2027 259 2063 unigeniti
275 2028 330 2062 sui,
355 2027 508 2062 virginalis
533 2028 608 2055 uteri
629 2028 784 2064 templum,
809 2029 898 2065 Spiri-

119 2076 164 2102 tus
187 2075 276 2102 sancti
301 2075 405 2110 gratia,
428 2075 620 2103 consecravit.
644 2077 676 2103 Et
700 2078 777 2104 terra
797 2078 899 2104 nostra

120 2120 202 2148 dabit
217 2120 346 2149 fructum
356 2129 454 2156 suum,
467 2121 539 2158 quia
550 2122 655 2150 eadem
668 2123 767 2158 Virgo,
779 2131 846 2159 quae
861 2124 898 2151 de

121 2170 197 2196 terra
218 2175 325 2202 corpus
345 2168 460 2203 habuit,
483 2168 589 2196 Filium
611 2170 722 2205 genuit,
747 2170 898 2198 divinitate

121 2214 245 2250 quidem
263 2216 320 2242 Deo
335 2217 417 2242 Patre
438 2216 638 2251 coaequalem,
657 2217 710 2244 sed
732 2217 787 2245 sibi
803 2217 899 2245 carnis

120 2261 238 2290 veritate
254 2261 544 2290 consubstantialem.
571 2263 824 2292 Considerandum
846 2272 899 2292 au-

121 2311 179 2336 tem
188 2311 238 2343 est,
247 2308 446 2344 quodt'ructus
455 2309 507 2337 iste
522 2309 632 2338 fructus
643 2312 897 2348 generosissimus,

120 2356 230 2384 fructus
254 2355 508 2390 deliciosissimus,
527 2357 637 2384 fructus
657 2358 897 2396 virtuosissimUS,

120 2402 231 2431 fructus
245 2403 467 2439 copiosissimus
485 2406 535 2431 est.
554 2405 683 2439 Fructus,
700 2405 834 2441 inquam,
851 2415 899 2442 ge-

121 2449 277 2478 nerositate
292 2450 531 2485 sublimissimus,
547 2450 657 2479 fructus
673 2452 898 2482 delectabilitate

154 2536 161 2551 ¹
186 2536 240 2559 imo
263 2537 352 2560 auctor
376 2543 453 2560 serm.
480 2536 509 2560 cle
534 2536 628 2567 Scmct.⁷
654 2543 734 2567 xvm,
757 2539 789 2562 al.
813 2546 897 2571 cxciv,

123 2577 149 2594 n.
169 2571 196 2601 3,
218 2571 245 2594 in
261 2572 378 2602 Append.
397 2574 459 2596 tom.
483 2573 515 2602 V,
540 2573 612 2603 Oper.
629 2574 655 2597 S.
676 2575 740 2605 Aug.
761 2588 787 2591 -—
805 2575 812 2589 ²
829 2576 899 2600 Psal.

124 2612 229 2636 mxxw,
251 2608 290 2631 13.
313 2621 342 2625 -
365 2608 375 2624 ³
398 2608 470 2638 Bed„
490 2609 516 2632 z'n
535 2608 639 2633 solemn.
669 2610 738 2640 Deip.
759 2611 788 2634 B.
817 2611 842 2634 V.
864 2613 897 2635 M.

123 2641 219 2672 quando
230 2642 350 2668 salutavit
361 2644 504 2676 Elisabeth,
517 2646 575 2669 aute
588 2645 656 2669 med.
665 2659 690 2662 -
706 2646 716 2661 ⁶
727 2646 794 2671 Psal.
809 2653 897 2678 cxxxi,

1675 177 1730 206 281

953 243 1264 280 desiderabilissimus,
1284 243 1395 272 fructus
1415 242 1598 271 virtuositate
1616 242 1734 271 utilissi-

952 299 1029 326 mus,
1044 291 1155 320 fructus
1166 291 1338 328 copiositate
1352 290 1632 318 universalissimus.

989 339 1086 368 Primo
1117 339 1357 374 consideremus,
1380 337 1556 373 charissimi,
1577 337 1734 374 quomodo

952 386 1064 414 fructus
1075 386 1149 415 uteri
1161 386 1313 422 virginalis
1324 385 1568 422 generosissimus
1580 385 1625 413 sit.
1642 386 1734 413 Gene-

952 441 1038 461 rosus
1056 432 1178 469 quidem
1194 435 1247 468 cst,
1268 433 1338 469 quia
1352 433 1389 460 dc
1405 434 1489 460 utero
1506 432 1599 468 regali
1612 433 1669 468 est3
1685 440 1735 467 ge-

953 480 1087 508 nerosior
1102 481 1200 508 autem
1216 482 1267 515 est,
1282 480 1353 516 quia
1369 479 1405 508 de
1421 481 1504 508 utero
1521 479 1659 515 virginali
1674 481 1733 513 est,

953 527 1199 563 generosissimus
1220 528 1297 555 certe
1319 528 1371 561 est,
1394 526 1465 563 quia
1480 526 1517 554 de
1540 528 1623 554 utero
1640 528 1735 562 pater-

952 574 1024 609 nali,
1041 574 1078 602 de
1094 575 1188 609 utero,
1208 574 1344 610 inquam,
1361 573 1451 602 Patris
1466 574 1566 602 aeterni
1580 575 1632 602 est.
1653 573 1734 608 Dico,

953 620 1134 656 charissimi,
1159 621 1243 657 quod
1267 628 1429 656 generosus
1455 622 1497 648 est
1520 620 1630 648 fructus
1660 620 1735 655 iste,

953 668 1024 705 quia
1045 668 1082 696 de
1098 669 1181 696 utero
1197 667 1303 704 regali,
1332 667 1369 695 de
1386 669 1482 701 utero,
1505 668 1639 704 inquam,
1658 667 1736 703 regis

953 715 1046 743 David
1067 715 1189 752 prodiit,
1215 714 1290 743 sicut
1315 714 1371 742 sibi
1392 713 1533 742 Dominus
1560 714 1738 750 promiserat

955 762 1057 790 dicens
1072 762 1103 790 in
1117 763 1224 790 Psalmo
1239 761 1249 777 ¹*
1266 771 1272 789 :
1293 763 1331 789 De
1344 762 1437 795 fructu
1451 762 1554 788 ventris
1576 763 1618 788 tui
1638 769 1738 796 ponam

953 817 1035 845 super
1050 809 1138 837 sedem
1153 812 1237 837 tuam.
1263 810 1322 837 Hoc
1339 810 1438 836 autem
1459 807 1641 844 promissum
1661 810 1738 844 Apo-

953 856 1045 884 stolus
1060 857 1191 891 testatur,
1208 856 1309 884 dicens
1321 855 1360 884 ad
1376 857 1526 883 Romanos
1538 855 1548 871 ⁶
1560 864 1568 882 .·
1582 855 1635 888 Qui
1647 855 1737 888 factus

954 906 992 931 est
1014 911 1047 930 ea:
1071 904 1170 931 semine
1195 903 1282 930 David
1303 903 1448 930 secundum
1472 910 1584 930 carnem.
1607 903 1639 929 Et
1660 903 1737 929 certe

953 949 1064 977 fructus
1079 949 1132 977 iste
1146 958 1306 985 generosus
1322 951 1350 977 et
1364 949 1475 977 nobilis
1489 951 1542 983 est,
1562 956 1624 976 non
1640 947 1738 976 solum

954 999 1073 1032 propter
1094 1004 1195 1032 regem
1220 996 1323 1030 David,
1350 996 1402 1024 sed
1433 997 1460 1024 et
1483 997 1605 1031 propter
1634 1003 1739 1023 omnes

954 1043 1022 1071 illos
1038 1044 1155 1072 nobiles
1167 1052 1261 1079 reges,
1277 1043 1483 1080 progenitores
1497 1050 1578 1076 51105,
1593 1050 1646 1078 per
1661 1049 1738 1078 quos

954 1091 1120 1118 secundum
1135 1090 1342 1126 genealogiam
1367 1098 1384 1118 a
1401 1089 1534 1117 Matthaeo
1558 1089 1736 1124 descriptam

954 1140 1137 1174 propagatus
1160 1138 1191 1165 in
1211 1138 1358 1165 mundum
1378 1137 1468 1172 venit,
1485 1137 1568 1172 juxta
1592 1136 1668 1164 illud
1688 1137 1738 1164 Sa-

955 1185 1086 1220 pienttaess
1099 1195 1106 1212 ε
1123 1186 1145 1212 Α
1160 1185 1295 1219 reqalt'bus
1310 1185 1416 1212 sedibus
1431 1185 1515 1211 venit.
1536 1185 1618 1217 ltem,
1631 1182 1738 1211 charis-

955 1231 1038 1266 simi,
1064 1232 1175 1259 fruetus
1200 1232 1252 1259 1516
1276 1231 1343 1259 11661
1367 1239 1530 1266 generosus
1554 1230 1590 1258 sit
1616 1231 1738 1266 propter

955 1280 1072 1306 uterum
1086 1278 1230 1314 regalem,
1250 1278 1422 1314 generosior
1440 1280 1539 1306 tamen
1558 1279 1600 1305 est
1614 1279 1736 1313 propter

954 1328 1071 1353 uterum
1086 1325 1274 1361 virginalem,
1292 1325 1329 1352 de
1353 1333 1413 1361 quo
1434 1325 1541 1352 dicitur
1556 1333 1562 1352 z
1577 1323 1738 1352 Benedictus

953 1374 1061 1406 fructus
1084 1374 1186 1400 ventris
1209 1374 1264 1407 1111,
1289 1371 1398 1400 ventris
1421 1371 1534 1408 utique,
1559 1371 1621 1407 qui,
1637 1379 1738 1398 secun-

955 1420 1027 1447 dum
1050 1419 1133 1456 quod
1157 1419 1188 1447 in
1212 1419 1297 1455 virga
1331 1421 1428 1447 Aaron
1450 1418 1648 1454 significatum
1672 1417 1738 1453 11111,

954 1466 1060 1495 florem
1082 1466 1255 1502 virginitatis
1277 1466 1364 1493 simul
1388 1474 1455 1493 cum
1478 1466 1574 1493 fructu
1595 1465 1738 1493 foecundi-

954 1514 1019 1541 tatis
1034 1513 1162 1541 retinuit.
1180 1515 1300 1549 Propter
1311 1513 1395 1549 quod
1409 1513 1486 1540 bene
1500 1513 1605 1540 beatus
1618 1514 1738 1540 Bernar-

955 1561 1010 1588 dus
1036 1560 1076 1588 ait
1097 1560 1107 1576 ⁷
1138 1569 1143 1588 ι
1171 1570 1185 1586 ιι
1209 1560 1340 1588 Nascitur
1370 1559 1498 1588 Christus
1532 1567 1568 1587 ex
1594 1559 1735 1595 muliere,

955 1608 1008 1635 sed
1035 1608 1082 1635 cui
1107 1607 1305 1635 foecunditatis
1335 1607 1446 1634 fructus
1474 1606 1515 1634 sic
1542 1606 1678 1641 accedat,
1707 1609 1738 1634 ut

954 1663 1016 1682 non
1029 1654 1147 1682 decidat
1162 1655 1218 1682 1105
1235 1654 1418 1690 virginitatis.
1433 1664 1445 1680 »
1470 1655 1524 1681 ista
1550 1653 1660 1681 fructus
1680 1653 1738 1681 vir-

955 1702 1061 1736 ginalis
1076 1702 1227 1737 nobilitas,
1246 1702 1319 1729 sicut
1334 1701 1510 1735 mirabilior,
1527 1701 1566 1728 ita
1591 1700 1737 1728 excellen-

955 1749 1011 1777 tior
1024 1751 1067 1777 est
1081 1757 1172 1785 quam
1186 1749 1294 1785 prima,
1312 1748 1472 1784 plusquam
1488 1748 1553 1776 coeli
1572 1748 1737 1776 exaltentur

955 1804 972 1823 a
990 1799 1075 1823 terra.
1093 1797 1114 1824 Ο
1130 1804 1198 1824 vere
1218 1796 1363 1823 mirabilis
1385 1798 1412 1823 et
1429 1795 1563 1823 inaudita
1578 1795 1734 1822 nobilitas!

956 1851 973 1871 ο
984 1851 1052 1870 vere
1062 1843 1171 1870 nobilis
1183 1843 1219 1870 de
1230 1843 1344 1878 Virgine
1360 1842 1514 1870 nativitas!
1534 1852 1547 1867 «
1559 1842 1711 1876 Nobilitas,
1721 1852 1734 1867 n

954 1889 1051 1925 inquit
1060 1890 1238 1925 Augustinus
1246 1890 1266 1924 ⁸,
1285 1900 1298 1915 α
1309 1890 1362 1917 11111
1372 1889 1517 1916 nascentis
1528 1889 1558 1916 in
1568 1889 1735 1924 virginitate

954 1937 1106 1972 parientis,
1123 1938 1150 1964 et
1164 1937 1303 1964 nobilitas
1315 1936 1454 1972 parientis
1464 1937 1494 1964 in
1507 1936 1661 1964 divinitate
1672 1943 1736 1963 nas-

955 1984 1077 2011 centis.»
1096 1985 1178 2018 Item,
1194 1983 1369 2018 charissimi,
1383 1983 1493 2011 fructus
1505 1983 1557 2010 istc
1568 1983 1635 2010 licet
1646 1990 1736 2018 gene-

955 2039 1039 2058 rosus
1060 2031 1095 2058 sit
1117 2033 1239 2067 propter
1260 2032 1376 2058 uterum
1395 2030 1537 2066 regalem,
1563 2029 1735 2065 generosior

955 2080 1055 2105 autem
1067 2080 1188 2114 propter
1202 2080 1318 2106 uterum
1337 2077 1525 2113 virginalem,
1548 2077 1737 2112 generosissi-

956 2133 1022 2152 mus
1037 2127 1136 2152 tamen
1157 2127 1278 2161 propter
1297 2126 1413 2152 uterum
1435 2124 1629 2160 paternalem.
1654 2124 1735 2152 Unde

956 2172 993 2199 de
1005 2172 1060 2199 isto
1076 2172 1171 2199 fructu
1187 2171 1280 2207 accipi
1295 2173 1391 2207 potest
1409 2171 1485 2198 illud
1503 2171 1574 2198 Osece
1589 2172 1598 2187 9
1614 2180 1620 2197 2
1638 2173 1680 2198 Ex
1695 2179 1736 2198 me

954 2220 1061 2252 fructus
1076 2222 1137 2246 tuus
1162 2220 1287 2245 inventus
1309 2221 1357 2245 est.
1382 2218 1529 2253 originale
1549 2218 1639 2245 habet
1663 2220 1734 2253 tuus,

956 2266 1008 2293 sed
1025 2265 1215 2301 Septuaginta
1239 2265 1350 2293 habent
1369 2266 1434 2299 ejus.
1459 2265 1539 2292 Dicat
1563 2273 1633 2300 ergo
1661 2266 1736 2292 Deus

956 2315 1037 2340 Pater
1052 2312 1091 2340 ad
1101 2311 1232 2346 Mariam,
1249 2312 1327 2339 dicat
1343 2311 1382 2339 ad
1396 2312 1517 2339 fidelem
1535 2312 1677 2346 animam,
1693 2312 1735 2338 di-

956 2361 1001 2387 cat
1016 2359 1055 2386 ad
1071 2358 1230 2386 Ecclesiam
1251 2368 1257 2385 :
1279 2359 1322 2386 Ea:
1337 2367 1376 2385 me
1395 2360 1501 2392 fructus
1524 2361 1583 2385 tuus
1612 2361 1734 2386 inventus

956 2409 1011 2441 est3
1028 2407 1105 2439 tuus,
1125 2413 1141 2433 o
1156 2405 1255 2440 Maria,
1272 2405 1312 2433 ad
1327 2405 1405 2433 hunc
1421 2405 1549 2433 fructum
1568 2405 1735 2441 producen-

957 2453 1029 2480 dum
1050 2453 1155 2484 electa;
1180 2454 1257 2487 tuus,
1276 2461 1293 2480 o
1317 2452 1427 2487 anima,
1449 2453 1488 2480 ad
1508 2452 1586 2480 hunc
1608 2452 1735 2480 fructum

957 2532 995 2554 11.
1014 2542 1039 2546 —
1060 2530 1067 2543 ⁵
1085 2529 1163 2559 Rom,
1183 2535 1200 2559 1,
1220 2530 1242 2553 3.
1258 2542 1288 2546 —
1304 2529 1313 2545 Β
1327 2529 1396 2560 Sap..
1418 2529 1546 2559 xv111‚l;“3.
1568 2542 1597 2546 -
1618 2527 1626 2542 ⁷
1646 2530 1734 2560 Bcrn„

1763 388 1857 409 Fructus

1749 419 1805 441 uteri
1814 419 1857 439 vir-

1763 450 1844 477 ginalis

1757 487 1848 508 genero·

1749 513 1850 534 sissimus

1756 572 1857 594 Christus

1750 611 1762 625 c
1790 603 1858 639 stirpe

1751 641 1820 662 regia.

1760 1372 1861 1393 Christus

1754 1415 1780 1430 ex
1792 1410 1861 1437 Virgi-

1756 1447 1791 1461 ne.

955 2565 984 2588 de
1001 2565 1123 2589 Cz'rczmzc,
1137 2564 1219 2594 Dum„
1231 2571 1308 2588 serm.
1327 2572 1345 2594 1,
1360 2572 1386 2588 11.
1403 2566 1425 2588 2.
1445 2578 1474 2582 -
1487 2565 1495 2578 ⁹
1506 2566 1582 2595 Aug..
1602 2565 1627 2588 z'zz
1641 2564 1731 2596 Epz’plz.
1772 2578 1775 2581 >

958 2602 1039 2631 Doni„
1056 2608 1132 2625 serm.
1151 2607 1188 2630 cc,
1204 2608 1231 2624 n.
1245 2603 1267 2625 2.
1279 2614 1308 2619 -—
1324 2602 1334 2617 ⁹
1355 2602 1418 2629 Osa,
1438 2607 1490 2630 xw,
1507 2602 1528 2624 9.

990 2647 1022 2677 (α)
1039 2647 1099 2672 caet.
1115 2646 1175 2671 edit.
1191 2648 1290 2677 fructus
1304 2653 1368 2670 suos.
