2029 3052
637 250 687 283 DE
709 248 792 283 UNA
812 249 845 282 S.
868 250 1045 284 VlRGlNE.
1070 253 1203 288 SERMO
1226 256 1278 288 ΙΙΙ.
1725 263 1764 293 97

147 321 186 349 ab
203 302 314 349 &eterno
332 320 534 356 praeparatum
541 328 550 354 3
572 319 652 351 tunc,
675 318 780 356 quales
802 318 927 355 fuerint,

147 367 289 396 omnibus
304 366 469 404 apparebit,
487 367 541 395 etc.

436 446 564 476 SERMO
587 446 638 476 Ill.

183 509 361 543 Gaudeamus,
378 510 404 536 et
419 509 578 544 waltemus,
594 511 620 536 et
639 508 730 536 demus
750 509 865 544 gloriam
881 510 905 536 ei
920 518 926 537 :

147 558 213 592 quia
227 558 355 584 venerunt
368 557 473 591 nuptioe
487 556 572 591 Aqui,
591 559 616 584 et
631 564 701 584 umor
716 556 772 591 ejus
787 564 929 591 proepara-

145 605 187 632 vic
201 604 254 632 se'.
275 604 439 632 Commune
455 605 498 631 est
513 603 596 639 apud
611 611 715 631 omnes
730 603 881 638 homines,
897 605 930 631 ut

147 651 297 687 gaudeant
318 653 345 679 et
365 650 558 679 solemnizent
576 650 607 678 in
622 649 750 686 nuptiis,
771 652 888 678 cantent
902 652 930 678 et

146 699 252 726 vacent
260 697 403 726 conviviis
411 699 533 734 propter
545 705 679 725 amorem
690 697 791 733 sponsi
800 699 828 725 et
841 705 930 733 spon-

147 753 185 772 sae
195 745 225 772 in
240 753 332 772 unam
346 752 466 772 carnem
478 744 718 780 conjunctorum.
736 745 768 771 Et
783 744 865 780 apud
875 752 930 771 nos

146 790 341 828 proverbium
358 793 471 819 certum
491 792 543 825 est,
569 790 653 827 quod
669 791 699 818 ln
713 791 823 827 nuptiis
838 799 931 826 agno-

147 841 268 866 scuntur
288 838 385 866 amici.
406 840 471 866 Non
491 838 570 866 enim
589 837 704 866 amicus
726 838 806 865 credi
831 837 930 873 debet,

147 885 245 922 quiin
258 885 369 921 nuptiis
391 885 477 913 amici
499 893 561 912 non
579 884 700 920 gaudet,
720 884 768 912 vel
789 884 820 912 in
835 887 931 913 morte

146 939 208 960 non
222 932 313 960 dolet.
329 932 386 960 Sed
406 931 429 960 si
447 932 488 959 sic
504 931 698 967 gaudendum
713 933 756 960 est
771 931 801 959 in
822 932 931 968 nuptiis

147 980 295 1016 perituris,
323 980 451 1017 qualiter
475 979 670 1015 gaudendum
696 981 738 1007 est
764 979 794 1006 in
820 979 931 1015 nuptiis

148 1027 322 1055 aeternaliter
344 1027 568 1064 permansuris?
588 1028 621 1055 Et
643 1027 666 1054 si
687 1027 728 1054 sic
752 1025 840 1054 amici
856 1034 931 1062 gau-

149 1074 221 1102 dent
233 1097 240 1107 ,
268 1075 340 1102 dum
365 1074 498 1102 mortalis
524 1082 634 1110 sponsa
661 1074 781 1102 mortali
808 1074 933 1102 traditur

149 1129 269 1158 sponso,
296 1122 442 1157 quantum
469 1123 537 1149 tunc
561 1121 756 1156 gaudendum
783 1123 836 1156 est,
860 1121 932 1149 dum

148 1168 282 1196 mortalis
296 1176 405 1204 sponsa
420 1168 545 1196 traditur
561 1170 631 1203 De0,
648 1176 759 1204 sponso
777 1168 932 1204 incorrup-

149 1215 226 1243 tibili
249 1218 276 1243 et
296 1217 430 1243 aeterno‘?
455 1217 531 1251 Ergo
555 1215 740 1251 gaudeamus
763 1216 877 1250 mente,
907 1217 934 1243 et

149 1262 314 1290 exultemus
329 1270 429 1298 opere,
452 1264 479 1290 et
502 1262 608 1290 demus
630 1262 757 1297 gloriam
779 1263 837 1290 Deo
861 1270 932 1297 ore,

149 1309 220 1345 quia
234 1312 379 1337 venerunt
390 1309 499 1345 nuptiae
510 1309 596 1344 Agni,
613 1311 641 1337 et
653 1309 742 1344 hujus
757 1312 864 1337 sanctae
874 1309 935 1336 Vir-

150 1356 236 1392 ginis.
265 1357 339 1384 Nam
368 1358 395 1384 et
428 1355 458 1383 in
486 1356 579 1384 verbo
609 1356 760 1392 praemisso
794 1358 934 1383 notantur

149 1402 278 1430 maxime
303 1403 364 1431 (luo
381 1412 387 1431 :
408 1403 540 1439 primum
565 1405 607 1430 est
621 1403 788 1430 sublimitas
808 1403 933 1439 praemii,

150 1449 233 1485 quod
246 1449 372 1485 suscepit
387 1449 416 1476 in
428 1449 539 1485 patria3
557 1449 722 1477 secundum
737 1451 780 1477 est.
794 1450 935 1477 solemni-

149 1498 194 1524 tas
208 1496 284 1531 i'esti,
303 1504 363 1532 qua
387 1497 423 1532 (a)
445 1496 618 1524 solemnizat
642 1497 779 1524 Ecclesia.
805 1497 934 1524 Primum

150 1543 268 1579 respicit
296 1543 454 1571 Ecclesiam
483 1543 716 1580 triumphantem
727 1564 735 1578 ,
774 1544 813 1571 ad
843 1552 934 1580 quam

150 1590 283 1626 gaudens
303 1591 436 1624 intravit;
466 1590 631 1618 secundum
660 1599 744 1624 vero,
774 1591 934 1619 Ecclesiam

150 1637 335 1672 militantem,
352 1645 368 1665 a
385 1646 444 1673 qua
460 1646 490 1665 se
504 1637 595 1665 hodie
609 1637 785 1665 absentavit.
803 1638 934 1665 Primum

150 1687 278 1719 notatur,
305 1693 372 1712 cum
395 1684 524 1712 dicitur:
555 1685 690 1712 Venerunt
719 1687 823 1720 nuptiae
847 1686 931 1719 Aqui.

149 1731 328 1765 Secundum,
343 1740 412 1759 cum
431 1731 539 1759 dicitur
555 1741 561 1759 z
580 1732 763 1766 Gaudeamus,
779 1735 804 1759 et
827 1734 932 1760 emulce-

149 1787 217 1813 mus,
235 1782 259 1806 et
273 1779 364 1806 demus
380 1780 494 1813 ‚qlortam
510 1780 572 1806 Deo.
594 1780 632 1806 De
648 1778 705 1806 hoc
721 1779 853 1807 secundo
866 1781 932 1807 tan-

149 1827 211 1853 tum
227 1825 274 1853 hic
297 1825 458 1853 dicendum
476 1827 528 1859 est,
544 1825 615 1861 quia
639 1826 669 1853 in
691 1826 833 1854 Sermone
855 1835 933 1862 quo-

150 1872 219 1899 dam
234 1872 265 1899 in
280 1872 432 1900 Dominica
446 1874 513 1908 post
529 1872 724 1908 Epiphaniam
738 1874 746 1889 ²
770 1873 807 1901 de
824 1873 933 1909 nuptiis

150 1918 249 1946 recolo
264 1927 312 1946 me
328 1919 447 1946 dixisse.
464 1921 539 1954 Ergo
551 1919 647 1955 primo
658 1920 834 1954 notandum,
850 1921 933 1956 quod

150 1966 203 1993 tria
213 1966 305 1994 verba
315 1966 363 1993 hic
373 1966 542 1994 notabiliter
556 1967 640 2002 ponit
652 1974 657 1991 τ
673 1966 855 2000 Gaudeamus,
865 1969 930 2002 ete.,

150 2013 309 2046 eccultemus,
326 2014 394 2047 etc„
410 2013 502 2040 demus
518 2014 633 2047 gloriam
646 2015 696 2040 Deo
720 2023 727 2040 ε
747 2014 817 2049 quia
832 2014 862 2041 in
876 2015 932 2042 hae

149 2060 229 2087 tanta
244 2059 429 2087 solemnitate
451 2059 546 2087 tribus
570 2060 668 2087 modis
693 2060 781 2088 nobis
801 2062 932 2096 gaudere

149 2106 295 2140 convenit,
318 2106 477 2134 videlicet:
500 2107 618 2142 primo,
642 2107 749 2142 corde3
781 2109 931 2144 secundo,

150 2160 217 2188 ore3
240 2153 335 2188 tertio,
361 2161 461 2189 opere.
489 2155 567 2181 Tunc
593 2154 672 2181 enim
698 2154 861 2190 perfectum
889 2157 932 2183 est

149 2199 305 2234 gaudium,
316 2200 339 2227 si
355 2208 405 2227 cor
417 2200 663 2235 interiusjubilet,
681 2201 705 2228 si
721 2209 753 2228 os
768 2203 857 2229 Deum
870 2202 931 2230 lau-

149 2246 207 2281 det,
225 2249 252 2274 et
266 2246 289 2274 si
305 2254 380 2282 opus
396 2247 456 2274 istis
473 2247 672 2275 testimonium
688 2248 802 2276 reddat.
819 2250 928 2282 Quam-

146 2293 191 2321 vis
216 2301 287 2328 ergo
310 2293 365 2320 tria
384 2293 441 2320 sint
468 2294 579 2328 verba,
604 2295 747 2323 sententia
774 2298 872 2323 tamen
887 2298 931 2324 est

148 2348 208 2368 una
222 2339 349 2367 invitans
366 2340 405 2367 ad
421 2340 540 2375 gaudia.
558 2342 590 2368 Et
609 2341 678 2369 ideo
694 2344 736 2369 est
751 2343 928 2378 notandum,

148 2387 232 2423 quod
246 2386 351 2422 triplex
366 2389 407 2414 est
418 2387 573 2422 gaudium,
591 2389 700 2417 scilicet
712 2390 854 2425 primum,
868 2398 928 2426 quo

146 2433 281 2462 laetamur
304 2434 335 2461 in
363 2434 470 2469 corde3
498 2435 682 2470 secundum,
714 2444 771 2472 quo
796 2436 930 2465 laetamur

148 2480 178 2508 in
200 2488 265 2515 ore,
282 2481 418 2515 tertium,
444 2489 504 2517 quo
521 2481 654 2509 laetamur
676 2482 707 2509 in
731 2491 830 2518 opere.
856 2486 928 2512 Nam

150 2528 294 2563 gaudium
316 2528 414 2555 cordis
428 2531 470 2556 est
494 2529 585 2556 Deum
610 2529 782 2563 gaudendo
807 2538 926 2567 amare3

147 2575 292 2610 gaudium
321 2575 379 2603 oris
405 2577 447 2603 est
474 2577 566 2603 Deum
595 2576 755 2611 gaudendo
785 2577 908 2607 laudare
918 2589 925 2615 3

181 2649 526 2680 ¹As.0c.,x1x,7.—2Seilicet
535 2656 612 2673 serm.
627 2651 646 2680 l,
662 2652 723 2674 toin.
734 2652 799 2682 Xlll,
815 2659 873 2683 pag.
887 2655 927 2678 86.

148 2698 178 2702 —
193 2685 203 2701 ³
216 2686 295 2715 Jowz„
313 2691 372 2715 xvi,
388 2686 474 2708 24.·—
492 2686 498 2699 ⁴
516 2686 603 2712 Encas„
628 2692 693 2715 xxx,
714 2688 752 2710 46.
773 2701 798 2704 —-
820 2688 829 2704 ⁵
847 2689 926 2716 Rom..

150 2727 186 2752 ιιι,
204 2722 403 2749 lu.—¹'·1²rou.,
423 2723 531 2751 xiv,13.
549 2734 578 2739 —-
592 2722 602 2737 ⁷
617 2722 684 2746 Psal.
699 2728 775 2751 cxxv,
792 2726 814 2746 3.

270 2775 344 2797 TOM.
366 2774 434 2797 XIV.

983 320 1128 355 gaudium
1142 332 1214 352 vero
1230 323 1329 360 operis
1342 325 1384 352 est
1393 325 1451 354 Deo
1469 327 1626 361 gaudendo
1642 329 1763 357 servire.

1020 368 1100 403 Dico,
1116 371 1201 406 quod
1212 371 1342 408 prImum
1353 373 1509 409 gaudium,
1526 382 1587 410 quo
1603 375 1633 403 in
1646 375 1702 403 hac
1716 375 1764 404 die

982 417 1084 443 sancta
1099 417 1229 451 gaudere
1245 418 1390 447 debemus
1403 441 1411 455 ,
1426 422 1467 448 est
1482 421 1627 456 gaudium
1642 422 1741 451 cordis
1757 432 1764 451 ε

983 462 1067 497 quod
1079 463 1152 491 nihil
1165 464 1248 493 aliud
1256 466 1361 502 existit,
1377 475 1468 503 quam
1480 469 1571 496 Deum
1582 476 1682 497 amare
1696 477 1765 497 eum

983 507 1082 537 laetitia
1096 511 1212 539 mentis.
1231 513 1311 541 Unde
1327 514 1469 542 Dominus
1482 515 1587 543 volens
1607 516 1765 553 Apostolos

984 555 1023 582 ad
1038 563 1174 585 amorem
1188 557 1340 595 inducere,
1354 563 1422 597 post
1433 562 1527 590 multa
1541 563 1642 591 dulcia
1661 563 1765 599 verba,

984 610 1052 638 quae
1069 603 1109 631 eis
1125 604 1250 641 dixerat,
1264 607 1305 634 sic
1321 607 1361 635 ait
1376 609 1415 636 ad
1430 610 1501 637 cos³
1518 621 1524 638 :
1544 621 1557 637 ι(
1569 612 1632 639 Haec
1649 611 1766 640 locutus

983 657 1050 677 sum
1065 650 1163 686 vobis,
1186 654 1216 680 ut
1238 654 1383 688 gaudium
1397 657 1529 685 vestrum
1544 657 1668 694 plenum
1680 658 1733 693 sit,
1750 668 1763 684 »

984 695 1016 724 id
1031 698 1083 732 est,
1100 700 1132 726 ut
1143 707 1229 728 amor
1243 702 1339 729 vester
1351 702 1390 730 ad
1405 703 1571 738 profectum
1579 705 1690 740 veniat,
1705 706 1766 733 toto

985 744 1086 779 corde,
1104 748 1131 773 et
1145 748 1205 775 tota
1215 751 1324 783 mente,
1340 749 1483 786 omnique
1495 751 1601 779 virtute
1618 753 1708 780 Deum
1724 752 1768 780 di-

984 790 1092 826 ligatis.
1118 795 1177 822 Hoc
1200 795 1279 823 enim
1303 796 1449 831 gaudium
1474 798 1573 826 cordis
1595 807 1711 827 summe
1726 802 1769 827 est

985 839 1162 875 pretiosum,
1185 849 1360 879 summeque
1380 844 1559 879 Jucundum.
1589 846 1670 874 Unde
1696 846 1769 874 dici-

987 885 1054 912 turss
1070 895 1076 913 :
1095 897 1108 913 «
1124 889 1187 915 Non
1210 891 1252 916 est
1276 898 1381 918 census
1404 899 1494 928 super
1517 900 1639 921 censum
1667 893 1769 921 salutis

987 933 1135 969 corporis,
1152 936 1181 962 et
1194 944 1255 964 non
1271 939 1313 965 est
1328 937 1581 968 oblectamentum
1596 948 1685 976 super
1697 948 1770 976 gau-

987 978 1071 1007 dium
1096 982 1204 1010 cordis.
1222 994 1235 1009 »
1262 985 1336 1012 Nam
1357 985 1455 1013 cordis
1477 987 1620 1022 gaudium
1645 989 1688 1015 est
1713 995 1769 1023 pro

986 1025 1181 1057 fundamento
1205 1031 1381 1066 ponendum
1404 1032 1541 1061 omnium
1563 1034 1768 1069 gaudiorum:

988 1075 1059 1110 quia
1078 1075 1153 1104 sicut
1168 1085 1220 1105 cor
1235 1086 1252 1106 a
1266 1081 1373 1107 natura
1388 1082 1430 1108 est
1445 1081 1614 1109 membrum
1625 1082 1769 1118 primum,

987 1124 1014 1149 et
1028 1124 1095 1151 ante
1120 1125 1222 1153 omnia
1242 1126 1412 1154 membrum
1429 1128 1621 1163 productum,
1632 1131 1659 1157 et
1674 1130 1771 1157 omnis

987 1171 1086 1197 motus
1098 1170 1225 1204 aliorum
1236 1173 1452 1208 membrorum,
1466 1176 1494 1202 et
1504 1175 1569 1203 viiae
1578 1175 1769 1212 prineipiun1;

988 1215 1028 1243 sic
1043 1217 1140 1245 cordis
1159 1219 1303 1253 gaudium
1319 1223 1360 1248 cst
1380 1221 1490 1249 fontale
1507 1222 1687 1259 principium
1704 1232 1770 1251 om-

988 1262 1072 1291 nium
1095 1265 1291 1301 gaudiorum,
1312 1268 1382 1304 quia
1403 1269 1477 1296 sicut
1498 1270 1588 1297 corde
1603 1270 1680 1298 bene
1695 1271 1772 1298 exis-

990 1312 1075 1344 tente,
1086 1312 1226 1340 omnibus
1238 1313 1302 1341 aliis
1312 1316 1454 1343 membris
1463 1318 1505 1344 est
1514 1317 1600 1352 bene,
1611 1320 1638 1345 et
1646 1326 1681 1345 eo
1693 1318 1770 1346 male

988 1356 1128 1392 habente,
1141 1360 1249 1387 eaetcris
1265 1362 1406 1390 membris
1418 1365 1461 1390 est
1475 1364 1564 1398 male,
1579 1365 1620 1392 sic
1630 1365 1771 1393 existente

988 1412 1064 1440 puro
1074 1407 1208 1434 etsancto
1219 1407 1276 1435 hoc
1285 1409 1397 1443 gaudio
1409 1410 1517 1445 cordis,
1531 1420 1640 1447 purum
1653 1414 1772 1441 etsanc-

989 1453 1051 1478 tum
1066 1453 1120 1479 erIt
1134 1454 1279 1488 gaudium
1299 1456 1370 1490 oriS,
1391 1458 1418 1484 et
1433 1458 1545 1493 operis,
1573 1459 1654 1495 quia,
1669 1468 1772 1488 secun-

990 1498 1062 1525 dum
1084 1500 1259 1535 Apostolum
1274 1502 1294 1537 ⁵,
1312 1503 1409 1538 qualis
1428 1505 1525 1540 radix,
1547 1506 1618 1533 tales
1635 1509 1663 1534 et
1684 1507 1769 1536 rami.

989 1546 1052 1573 Non
1063 1546 1143 1574 enim
1154 1550 1249 1583 potest
1257 1557 1335 1584 aqua
1347 1550 1435 1578 rivuli
1447 1560 1508 1579 esse
1517 1560 1602 1588 pura,
1615 1554 1638 1581 si
1647 1554 1773 1582 fueritin

988 1592 1068 1620 fonte
1085 1597 1237 1631 corrupta3
1254 1605 1309 1624 nec
1324 1606 1361 1625 ex
1376 1602 1516 1635 corrupta
1530 1604 1624 1636 pasta,
1636 1601 1773 1637 placenta

988 1639 1053 1667 fieri
1066 1641 1174 1676 poterit
1188 1651 1249 1671 non
1268 1644 1383 1673 infecta.
1406 1647 1526 1675 Necesse
1545 1651 1586 1675 est
1607 1649 1686 1676 enim
1705 1658 1771 1678 ma-

990 1687 1126 1716 teriatum
1146 1697 1208 1718 esse
1229 1695 1413 1728 corruptum,
1434 1695 1457 1721 si
1480 1694 1566 1723 fuerit
1581 1704 1617 1723 ex
1633 1700 1772 1734 corrupta

989 1736 1113 1763 materia
1129 1740 1312 1771 generatum.
1329 1741 1410 1768 Unde
1422 1741 1570 1777 videmus,
1586 1744 1669 1779 quod
1684 1744 1708 1772 si
1722 1745 1773 1772 ali—

990 1782 1056 1817 quis
1066 1782 1174 1811 humor
1186 1785 1215 1812 in
1225 1794 1350 1822 corpore
1362 1789 1572 1825 corrumpitur,
1584 1791 1633 1818 toti
1650 1793 1773 1828 corpori

989 1830 1116 1864 putredo
1132 1830 1292 1867 inducitur,
1310 1834 1333 1861 si
1355 1834 1380 1862 ei
1395 1836 1592 1865 medicamine
1608 1838 1692 1865 citius
1710 1847 1772 1867 non

991 1881 1170 1906 occurratur.
1195 1881 1282 1915 Ergo,
1297 1881 1409 1917 fratres,
1427 1883 1450 1910 si
1467 1884 1607 1912 volumus
1625 1886 1772 1915 exteriora

990 1924 1100 1957 gaudia
1115 1933 1177 1953 non
1193 1935 1255 1954 esse
1270 1927 1387 1964 infecta,
1405 1930 1457 1957 sed
1477 1932 1535 1958 Deo
1551 1931 1669 1967 placita,
1685 1933 1771 1961 labo-

989 1978 1089 1998 remus
1113 1975 1259 2008 quantum
1281 1983 1461 2011 possumuS,
1484 1980 1516 2005 ut
1541 1979 1651 2013 gaudia
1674 1981 1772 2008 cordis

989 2017 1046 2045 sint
1060 2019 1184 2047 munda.
1211 2021 1267 2049 Sed
1290 2023 1356 2058 quis
1379 2026 1421 2051 est
1435 2024 1535 2058 hodie,
1563 2026 1615 2062 qui
1640 2027 1718 2055 intus
1741 2028 1772 2056 in

989 2065 1079 2093 corde
1094 2074 1154 2094 non
1169 2068 1298 2102 gaudeat
1312 2077 1388 2097 vane
1401 2071 1414 2097 ἰ)
1427 2071 1495 2104 Quis
1509 2074 1561 2106 est,
1578 2074 1628 2109 qui
1645 2074 1772 2102 immun-

989 2112 1035 2139 dis
1057 2114 1287 2149 cogitationibus
1311 2125 1371 2144 non
1394 2119 1492 2153 potius
1517 2120 1656 2155 gaudeat,
1680 2131 1772 2158 quam

988 2160 1109 2188 mundis
1124 2163 1151 2189 et
1165 2162 1269 2198 puris?
1293 2164 1349 2191 Sed
1365 2164 1448 2200 quia,
1468 2165 1581 2201 fratres,
1606 2176 1681 2196 vane
1698 2178 1770 2204 gau-

989 2206 1106 2242 demus,
1123 2209 1191 2236 ideo
1207 2218 1282 2237 vane
1299 2211 1443 2246 ridemus,
1460 2221 1536 2241 vane
1548 2214 1726 2251 incedimus,
1743 2219 1771 2245 et

987 2253 1115 2282 finaliter
1131 2256 1169 2283 ad
1186 2264 1263 2284 vana
1278 2257 1420 2286 redimus.
1438 2260 1519 2288 Unde
1533 2262 1542 2277 ‘⁵
1559 2271 1564 2288 :
1586 2272 1598 2287 α
1616 2263 1699 2291 Risus
1715 2264 1769 2292 do-

986 2300 1048 2328 lore
1074 2303 1254 2338 miscebitur,
1279 2306 1306 2332 et
1328 2307 1461 2334 extrema
1485 2308 1586 2343 gaudii
1609 2309 1704 2338 luctus
1720 2319 1769 2339 oc-

986 2350 1083 2384 cupat.
1101 2360 1113 2373 »

1022 2396 1192 2424 Secundum
1212 2398 1368 2434 gaudium,
1389 2408 1449 2436 quo
1465 2402 1595 2436 gaudere
1612 2403 1767 2440 debemus,

986 2444 1028 2470 est
1044 2443 1188 2477 gaudium
1203 2444 1273 2480 oris,
1286 2446 1369 2481 quod
1380 2446 1453 2474 nihil
1464 2456 1525 2476 esse
1540 2452 1662 2484 constat,
1676 2459 1768 2486 quam

986 2491 1076 2517 Deum
1104 2491 1262 2525 gaudendo
1287 2492 1421 2521 laudare.
1441 2495 1472 2521 Et
1488 2495 1524 2522 de
1539 2496 1596 2523 hoe
1612 2498 1724 2532 gaudio
1740 2501 1767 2527 et

984 2536 1073 2572 plane
1090 2537 1195 2565 dicitur
1209 2539 1240 2566 in
1255 2540 1370 2568 Psalmo
1386 2542 1395 2558 ⁷
1413 2551 1419 2569 τ
1437 2554 1449 2565 a
1466 2543 1620 2579 Repletum
1638 2548 1680 2574 est
1695 2555 1767 2582 gau-
1802 2552 1804 2555 ’

985 2583 1035 2611 dio
1061 2592 1094 2611 os
1113 2588 1259 2621 nostrum,
1283 2587 1387 2623 lingua
1414 2592 1514 2617 nostra
1543 2591 1731 2621 exultatione.
1750 2604 1763 2620 »

983 2632 1062 2658 Tunc
1079 2631 1157 2659 enim
1170 2641 1239 2660 vere
1257 2635 1422 2669 gaudemus
1439 2644 1500 2671 ore,
1517 2637 1589 2666 dum
1604 2648 1659 2675 pro
1676 2640 1765 2670 bonis

1018 2730 1052 2760 (a)
1068 2730 1141 2753 Fut-lt·
1157 2731 1204 2762 [vy.
1222 2733 1299 2763 qnod.
