2029 3052
187 243 228 275 92
551 237 762 272 SERMONES
784 237 836 271 DE
857 235 1025 270 SANCTIS
1046 235 1088 269 IN
1109 234 1303 270 connum.
1325 235 1448 269 xxxtt.

188 309 285 345 tertio,
305 309 349 337 est
364 307 489 344 candor,
505 315 567 344 quo
582 306 650 344 quis
665 306 744 335 lucet
756 305 789 334 in
803 313 906 343 opere,
920 305 971 334 vel

188 357 219 385 in
235 355 371 386 exteriori
391 354 626 385 conversatione.
647 356 720 383 Nam
733 354 803 382 tunc
818 354 862 381 est
874 352 970 382 homo

188 411 257 433 vere
280 403 412 432 mundus
431 404 462 432 et
482 401 640 437 candidus,
662 399 787 438 quando
807 401 850 429 est
865 399 971 428 candi-

189 451 263 480 dum
285 458 404 487 corpus,
429 451 459 478 et
484 450 528 478 est
553 447 701 477 candidus
725 447 854 483 animus,
879 448 909 476 et
929 448 972 476 cst

188 498 353 527 candidum
367 505 455 535 opus.

226 545 361 574 Dicamus
373 552 446 581 ergo
462 553 469 572 :
485 543 528 572 Ad
544 550 648 572 veram
665 542 856 578 munditiam,
872 541 971 579 primo

188 592 349 630 requiritur
362 591 476 620 candor
491 591 522 618 in
536 591 646 618 mente.
663 589 772 618 Dicitur
786 590 886 618 autem
902 596 972 617 can-

189 639 262 668 dida
276 639 386 673 anima,
403 637 526 674 quando
541 637 625 666 nulla
639 637 729 673 culpa
743 635 788 665 'est
803 636 970 673 deturpata,

189 695 244 716 nec
261 686 325 715 ulla
341 684 499 714 immunda
519 683 630 713 foedatn
652 684 842 720 cogitatione.
863 685 896 712 Et
909 683 972 712 hoec

188 732 337 762 munditia
361 732 467 761 mentis
488 739 593 760 omnes
617 731 690 760 alias
709 731 872 760 munditias
887 732 972 758 ante-

188 780 277 816 cedit,
293 781 437 816 tanquam
453 779 580 808 aliarum
593 779 729 808 omnium
739 777 973 807 fundamentalis

188 830 217 856 et
230 827 380 856 radicalis.
403 826 489 856 Nulla
505 826 585 855 enim
601 828 644 855 est
658 825 850 863 pulchritudo
873 825 902 853 in
925 832 973 852 ar-

188 876 275 910 bore,
291 883 359 912 quae
371 881 434 903 non
449 873 530 902 venit
547 881 566 902 a
580 873 699 907 radice;
715 872 790 901 nibil
804 871 973 909 pretiosita-

189 923 226 951 tis
239 923 271 951 in
286 921 413 956 lumino,
429 921 513 958 quod
528 929 589 950 non
606 920 761 949 descendit
775 928 792 948 a
806 919 879 948 sole.
897 921 974 955 Ergo

189 969 263 998 nihil
277 970 320 998 est
334 968 522 1005 pretiositatis
537 970 566 996 et
581 967 810 1004 pulchritudinis
824 967 854 995 in
869 974 975 1003 corpo-

189 1025 232 1052 re,
247 1016 296 1045 vel
309 1023 458 1050 sermone,
473 1023 529 1043 uec
549 1015 580 1043 in
595 1022 698 1051 opere,
724 1013 809 1051 quod
835 1022 897 1042 non
921 1013 974 1042 de·

189 1063 301 1092 scendit
316 1071 334 1092 a
349 1062 440 1098 fonte,
457 1062 569 1091 scilicet
591 1061 692 1097 corde,
715 1070 733 1090 a
755 1069 816 1098 quo
837 1060 975 1089 membra

190 1111 292 1140 omnia
306 1113 334 1139 et
348 1109 463 1138 moveri
482 1110 594 1138 habent
609 1110 638 1138 et
662 1109 774 1143 vivere,
795 1107 870 1136 sicut
885 1107 975 1136 habet

190 1157 378 1187 ramusculus
399 1165 417 1185 a
441 1156 551 1185 radice.
578 1158 737 1192 Nunquam
759 1157 854 1192 potest
882 1155 975 1183 homo

190 1213 252 1234 esse
267 1213 337 1233 vere
353 1204 484 1232 mundus
501 1203 641 1237 emerim,
656 1202 680 1230 si
697 1202 870 1230 immundus
890 1201 977 1229 tuerit

191 1252 324 1286 interius,
341 1251 413 1288 quia
435 1249 624 1278 immunditia
640 1249 768 1277 exterior
783 1248 977 1276 immunditiae

190 1298 338 1327 interioris
353 1297 574 1335 apertissimum
590 1299 633 1325 cst
649 1297 768 1332 signum
784 1305 790 1323 :
806 1296 888 1332 quia,
903 1295 977 1323 sicut

192 1347 262 1375 dicit
281 1345 482 1381 Augustinus·
502 1354 508 1373 :
528 1355 541 1370 «
558 1344 729 1380 impudicus
745 1343 860 1378 oculus,
879 1343 978 1379 impu-

192 1394 250 1422 dici
267 1393 365 1422 cordis
379 1395 421 1420 est
434 1391 565 1420 nuntius.
587 1402 599 1417 n
618 1390 757 1419 Similiter
780 1392 808 1418 et
827 1389 978 1426 impudica

192 1444 296 1475 verba,
313 1442 341 1468 et
355 1438 507 1476 impudica
523 1446 616 1474 opera
629 1441 656 1465 et
668 1437 825 1465 immunda
836 1445 898 1465 esse
910 1444 977 1473 pro-

192 1488 265 1516 bant
279 1487 371 1515 corda
386 1485 552 1514 immunda.
578 1487 638 1513 ttoc
660 1493 731 1520 ergo
748 1484 902 1512 attendens
917 1483 978 1511 hrec

193 1537 281 1573 Virgo
298 1538 410 1570 sancta,
427 1534 531 1563 volens
548 1534 678 1562 candida
703 1542 764 1561 esse
791 1533 818 1561 in
840 1541 929 1560 carne
952 1534 980 1560 et

194 1592 295 1621 opere,
311 1583 422 1611 studuit
438 1582 522 1618 prius
538 1589 601 1609 esse
617 1580 746 1608 candida
768 1580 796 1607 in
818 1582 926 1614 mente,
944 1587 979 1607 ne

194 1631 301 1660 trustra
315 1630 465 1658 laboraret
482 1629 557 1656 inter
571 1631 689 1661 emim-a,
715 1626 839 1655 cordiali
864 1626 981 1654 mundi-

195 1679 235 1706 tia
257 1677 407 1706 derelicta.
433 1675 514 1703 Unde
537 1676 572 1702 de
596 1683 629 1702 en
654 1678 747 1711 potest
769 1674 982 1702 convenienter

196 1725 290 1760 accipi
315 1723 388 1751 illud
404 1725 418 1756 ‚²
445 1732 451 1750 t
476 1733 488 1748 n
511 1722 629 1750 Candor
652 1724 694 1749 est
712 1721 784 1748 lucis
805 1724 930 1754 retorna»,
955 1723 983 1747 et

197 1771 351 1809 speculum
367 1771 429 1798 sine
449 1769 576 1797 macula.
597 1780 608 1793 u
631 1770 688 1796 Lux
706 1768 785 1795 enim
802 1768 875 1795 nihil
892 1767 982 1795 habet

198 1817 394 1846 immunditiae
406 1816 586 1847 admixtum:
604 1815 664 1843 imo
682 1815 710 1842 in
727 1816 841 1843 tantum
860 1817 901 1841 est
917 1814 984 1850 pul-

198 1865 280 1899 chra,
296 1867 398 1892 utnon
415 1864 465 1891 siat
480 1862 647 1895 immunda,
665 1862 809 1890 transiens
824 1861 914 1888 etiam
930 1869 983 1896 per

199 1911 355 1940 immunda
374 1920 380 1938 :
400 1910 440 1938 sic
457 1913 484 1938 et
500 1909 750 1945 virginesplures‚
762 1909 985 1945 etsipotuerunt

199 1959 237 1988 ad
252 1958 409 1995 lupanaria
420 1958 500 1992 duci,
513 1966 573 1985 non
587 1960 683 1984 tumen
697 1959 855 1993 potuerunt
867 1956 982 1983 scrutari.

200 2006 255 2034 Sed
267 2005 334 2041 quis
345 2005 433 2032 hodie
453 2005 543 2032 habet
559 2005 634 2032 hane.
650 2004 824 2032 munditiam
841 2003 939 2031 cordi<
950 2004 963 2030 ’.7
978 2006 985 2019 >¹

203 2053 287 2087 “Quis
298 2051 516 2088 potes-idicem:
532 2051 672 2079 Mundum
684 2054 725 2078 est
739 2059 789 2078 coi·
801 2052 920 2078 meum?
934 2061 946 2075 »
958 2050 984 2077 Si

201 2099 280 2127 nuda
295 2101 362 2126 sunt
378 2098 534 2126 hominum
550 2098 654 2130 corda,
673 2100 741 2125 tuuc
765 2098 849 2125 twdae
875 2100 942 2124 sunt
960 2100 987 2124 et

201 2146 358 2174 homiuum
383 2145 578 2173 eonscientiae.
609 2145 725 2173 Similes
753 2148 819 2172 sunt
851 2145 987 2172 homines

203 2193 293 2221 nostri
312 2192 452 2228 temporis
467 2192 577 2225 lemme,
594 2200 660 2228 quie
675 2191 837 2220 cstanimul
855 2191 931 2219 adeo
943 2191 988 2218 tu-

204 2241 358 2269 xuriosum
373 2243 400 2268 et
414 2240 539 2273 i‘wdum,
561 2243 591 2267 ut
610 2248 728 2276 semper
745 2240 853 2275 aspirct
870 2239 908 2267 ad
925 2239 978 2266 coiv

207 2291 268 2315 tum
285 2297 291 2315 :
309 2295 401 2323 quare
420 2287 475 2313 sibi
492 2287 538 2314 leo
554 2295 613 2314 non
630 2287 745 2320 sufficit,
763 2287 814 2314 sed
837 2287 938 2314 miscet
958 2293 988 2313 se

205 2334 316 2370 pardis.
335 2334 415 2361 Unde
438 2333 543 2361 dicitur
558 2334 566 2349 ⁸
585 2343 591 2361 :
612 2346 623 2358 ιι
648 2335 753 2363 Omnia
770 2334 882 2362 munda
898 2342 988 2361 mun-

207 2381 271 2408 dis:
288 2383 315 2408 et
330 2380 501 2408 infidelibus
517 2380 589 2407 nihil
608 2381 766 2415 mundum,
782 2382 833 2408 sed
851 2382 989 2417 coinqui-

207 2431 275 2455 nata
291 2430 333 2455 est
347 2435 451 2455 eornm
468 2435 562 2461 mens,
578 2430 604 2454 et
620 2428 809 2455 conscientia.
827 2440 838 2453 »ι

244 2475 380 2502 Secundo
396 2474 558 2510 requiritur
573 2475 686 2502 candor
702 2475 730 2502 in
747 2483 844 2502 carue.
871 2475 990 2502 Candor

211 2522 301 2555 enim,
324 2521 384 2548 sive
409 2521 556 2549 munditia
575 2522 681 2555 earnm,
699 2522 806 2558 pendet
823 2531 858 2549 ex
875 2522 992 2549 mundi-

211 2568 249 2595 tia
270 2568 386 2601 mentis,
410 2577 477 2596 cum
500 2577 608 2604 eorpus
629 2576 783 2604 nunquam
804 2569 991 2605 coinquinari

245 2645 251 2659 ¹
271 2646 345 2675 Aug„
363 2644 448 2674 lte-glutl.
464 2644 498 2667 ad
513 2652 573 2669 ‹rr-v.
592 2645 646 2673 Itvi,
663 2652 686 2668 u.
704 2646 726 2668 ι’».
740 2658 767 2661 -
785 2645 792 2658 ²
810 2646 879 2675 Sap..
893 2651 936 2671 vu,
956 2647 992 2669 tn.

214 2694 241 2698 —
259 2680 369 2708 ³1¹¹'01'.,
387 2687 433 2710 xx,
450 2682 471 2702 Ξὶ.
494 2694 514 2696 -ν
534 2681 543 2696 ⁸
562 2681 618 2710 Tit.‚
637 2687 653 2711 1,
673 2682 709 2704 isi.
728 2693 757 2698 -
773 2682 783 2697 Β
800 2682 882 2707 Cam..
903 2688 937 2710 ιν,
957 2684 991 2704 tn.

213 2730 242 2734 -
261 2718 269 2728 ⁵
284 2716 455 2744 J,a,1v1‘t.‚xv=1,
477 2717 511 2739 tt.
527 2729 555 2734 --
573 2717 579 2730 ⁷
598 2716 664 2741 Psal.
685 2722 758 2743 xxxi,
775 2718 797 2740 8.

1025 303 1130 343 possit,
1149 303 1208 333 nisi
1231 304 1270 334 de
1293 311 1440 334 consensu
1464 303 1580 332 mentis.
1605 302 1688 333 Unde
1705 305 1809 335 mou

1025 351 1115 381 Lucia
1127 351 1249 381 dicebat
1263 361 1271 381 :
1288 361 1303 379 α
1318 351 1348 382 Si
1361 359 1411 380 me
1426 351 1552 380 invitam
1570 350 1679 380 violari
1690 350 1808 387 feceris,

1026 399 1144 428 castitas
1170 399 1245 428 mibi
1271 395 1474 436 duplicabitur
1497 398 1537 427 ad
1559 406 1715 427 coronam.
1739 409 1754 426 ι
1775 400 1810 428 Et

1025 446 1097 476 ideo
1111 446 1150 475 de
1164 446 1221 476 hac
1231 447 1260 476 S.
1275 445 1394 483 Virgine
1407 447 1440 475 N.
1453 447 1551 483 potest
1564 445 1675 483 exponi
1691 445 1768 474 illud
1777 446 1807 475 ⁸:

1029 506 1042 520 «
1062 493 1248 523 Pulchriores
1261 495 1330 522 sunt
1347 493 1427 522 oculi
1442 493 1485 522 tui
1499 493 1582 528 vino,
1602 494 1632 522 et
1648 493 1752 522 dentes
1767 493 1809 522 tui

1026 541 1101 570 lacte
1121 540 1320 570 candidiores.
1347 549 1361 566 ι
1380 539 1458 575 Quid
1478 547 1533 577 per
1556 540 1672 574 oculos,
1698 540 1810 578 quibus

1027 588 1166 617 universa
1179 587 1328 622 videmus,
1341 587 1399 616 nisi
1410 587 1543 624 potentia
1555 586 1811 624 cognitivasigna-

1026 636 1074 664 tur
1085 637 1099 664 ξ’
1113 634 1191 670 Quid
1204 642 1258 672 per
1273 634 1386 670 dentes,
1399 633 1509 671 quibus
1521 633 1624 663 cibum
1634 633 1810 671 accipimus,

1028 681 1190 711 dividimus
1198 683 1227 710 et
1236 681 1436 716 masticamus,
1447 681 1503 710 nisi
1517 681 1648 718 potentia
1661 680 1811 714 affectiva,

1027 729 1139 767 quibus
1153 729 1256 758 omnia
1269 728 1478 758 ruminamus?
1493 727 1571 762 Quid
1586 736 1638 765 per
1650 727 1697 756 lac
1711 727 1812 756 candi—

1029 777 1113 811 dum,
1133 775 1189 804 nisi
1211 783 1320 812 corpus
1338 775 1530 812 virgineum?
1557 774 1635 810 Quid
1662 774 1742 803 enim
1769 775 1813 802 est

1028 824 1086 858 lac,
1106 823 1162 851 nisi
1182 823 1304 859 sanguis
1319 822 1366 851 bis
1381 824 1483 851 coctus
1504 822 1534 851 in
1555 822 1671 851 ubere?
1690 823 1723 850 Et
1737 829 1811 850 con-

1029 873 1085 899 stat
1103 872 1125 906 ⁸,
1146 870 1231 908 quod
1252 870 1314 899 vita
1334 869 1431 898 carnis
1458 869 1588 898 maxime
1609 869 1639 897 in
1665 868 1811 904 sanguine

1029 918 1169 947 consistit.
1195 919 1292 953 Quare
1319 917 1350 946 in
1371 917 1447 946 lacte
1477 916 1620 954 accipitur
1641 924 1761 953 corpus,
1784 917 1814 944 et

1029 967 1150 1003 proprie
1169 965 1200 994 in
1219 965 1282 1001 ejus
1297 964 1429 993 candore
1451 963 1565 992 candor
1580 963 1741 992 venustatis
1755 962 1813 991 vir-

1031 1013 1134 1050 gineae.
1153 1014 1199 1041 Est
1210 1012 1299 1041 etiam
1314 1010 1459 1046 notabile,
1474 1010 1558 1047 quod
1583 1009 1629 1038 lac
1645 1011 1688 1038 est
1707 1008 1812 1038 candi-

1031 1061 1104 1089 dum
1119 1067 1180 1089 non
1195 1059 1294 1088 solum
1310 1059 1448 1093 exterius,
1471 1057 1525 1086 sed
1544 1057 1633 1086 etiam
1649 1064 1704 1093 per
1719 1058 1815 1085 totum

1031 1107 1163 1141 interius,
1185 1106 1258 1144 qnia
1280 1113 1342 1134 non
1362 1108 1406 1134 est
1426 1104 1557 1142 perlecta
1571 1103 1730 1138 munditia,
1748 1111 1815 1140 quae

1032 1157 1075 1184 cst
1098 1155 1128 1183 in
1150 1154 1216 1183 sola
1241 1161 1342 1188 carne,
1366 1152 1424 1181 nisi
1448 1152 1485 1180 sit
1504 1154 1533 1180 et
1554 1151 1584 1180 in
1603 1152 1712 1179 mente.
1733 1150 1815 1178 Unde

1032 1202 1229 1238 Philosophus
1246 1200 1328 1234 dicit,
1354 1199 1437 1236 quod
1463 1207 1524 1227 non
1540 1198 1648 1227 dieitur
1661 1197 1817 1226 continens

1033 1250 1131 1278 omnis
1153 1248 1204 1286 qui
1224 1257 1254 1276 se
1276 1248 1313 1276 ab
1337 1246 1527 1275 immunditia
1547 1245 1690 1280 abstinet3
1714 1244 1766 1273 sed
1792 1244 1818 1272 si

1033 1297 1173 1330 continet,
1191 1299 1218 1324 et
1231 1295 1288 1324 hoc
1305 1295 1370 1331 ipso
1383 1293 1504 1330 gaudet.
1521 1293 1605 1321 Nulla
1619 1292 1698 1320 enim
1712 1292 1815 1327 virtus,

1033 1343 1188 1380 loquendo
1204 1342 1336 1379 proprie,
1352 1341 1449 1369 existit
1464 1341 1493 1368 in
1508 1347 1633 1376 corpore
1647 1349 1654 1375 ;
1671 1339 1722 1367 sed
1739 1339 1816 1367 intus

1034 1391 1064 1419 in
1081 1394 1189 1424 mente,
1211 1392 1239 1417 et
1261 1391 1331 1417 tunc
1355 1387 1503 1416 redundat
1527 1387 1556 1415 in
1581 1394 1712 1415 carnem.
1735 1385 1817 1414 Unde

1035 1438 1190 1474 virginitas
1210 1436 1302 1464 virtus
1322 1435 1442 1463 habitus
1457 1437 1499 1462 est
1513 1433 1632 1468 animae,
1647 1432 1820 1461 redundans

1036 1487 1107 1516 soris
1129 1487 1159 1515 iu
1177 1494 1275 1514 carne.
1301 1485 1360 1513 Sed
1386 1484 1453 1520 quis
1476 1483 1567 1512 hodie
1587 1483 1674 1519 virgo
1699 1481 1819 1510 existit?

1035 1535 1105 1569 Quis
1126 1542 1246 1562 carnem
1271 1540 1356 1560 suam
1382 1531 1548 1567 virginitate
1573 1529 1724 1558 custodit?
1750 1530 1820 1564 Quoe

1036 1583 1134 1615 bruta,
1151 1582 1429 1617 quantumcumque
1446 1578 1566 1609 lasciva,
1583 1577 1658 1605 sicut
1671 1576 1819 1611 homines,

1036 1631 1104 1656 suut
1117 1626 1292 1656 immunda?
1304 1625 1453 1661 Numquid
1467 1625 1746 1653 tantoecontincntiae
1755 1625 1822 1651 sunt

1038 1676 1185 1709 homines,
1206 1677 1238 1702 ut
1259 1677 1326 1701 sunt
1347 1672 1541 1708 elephantes?
1563 1671 1653 1699 Valde
1675 1671 1819 1699 luxuriosi

1038 1725 1105 1751 sunt
1123 1722 1192 1758 equi
1215 1723 1243 1749 et
1258 1729 1365 1754 canes3
1388 1719 1440 1747 sed
1462 1719 1558 1754 magis
1579 1719 1727 1753 homines,
1753 1726 1821 1746 cum

1039 1773 1137 1798 tamen
1157 1769 1198 1797 eis
1218 1770 1398 1805 prceceptum
1415 1767 1451 1794 sit
1465 1767 1474 1783 ”·
1492 1775 1498 1794 :
1519 1778 1531 1792 u
1547 1766 1639 1794 Nolite
1665 1766 1726 1794 sieri
1748 1766 1823 1793 sicut

1039 1825 1155 1854 equuus
1174 1819 1201 1844 et
1223 1815 1333 1848 mulus,
1357 1814 1467 1851 quibus
1483 1821 1543 1842 non
1559 1816 1600 1841 est
1616 1813 1789 1841 intellectus.
1807 1822 1820 1837 n

1041 1867 1073 1893 lit
1089 1863 1258 1892 notabiliter
1273 1862 1381 1890 dieitur
1402 1861 1565 1895 intellectus,
1590 1860 1661 1896 quia
1681 1859 1824 1888 animalia

1041 1912 1190 1940 intellectu
1217 1912 1329 1944 carent,
1357 1912 1384 1936 ct
1406 1911 1504 1936 tamen
1529 1907 1681 1935 sensibilia
1708 1907 1745 1935 de
1778 1907 1824 1934 sui

1041 1962 1147 1988 natura
1172 1960 1239 1986 sunt
1261 1956 1388 1985 totaliter
1409 1955 1447 1983 ad
1469 1955 1619 1982 lasciviam
1644 1962 1739 1990 prona
1762 1954 1798 1989 (ιι)
1816 1963 1823 1982 :

1042 2007 1093 2034 sed
1111 2004 1330 2037 intellectualia,
1347 2011 1414 2039 quae
1429 2005 1495 2030 suut
1515 2010 1532 2030 a
1551 2001 1742 2029 sensibilibus
1767 2001 1825 2028 ele—

1042 2057 1121 2082 vata⁴
1138 2055 1204 2080 sunt
1221 2052 1258 2079 ad
1276 2053 1364 2078 tinem
1381 2050 1472 2077 alium
1484 2048 1631 2076 ordinata.
1645 2047 1700 2075 Sed
1716 2049 1758 2075 est
1773 2048 1825 2075 ho-

1044 2101 1091 2128 die
1114 2103 1218 2128 natura
1244 2100 1354 2126 mutata
1379 2100 1406 2124 et
1427 2096 1551 2129 variata,
1567 2098 1635 2123 sunt
1650 2103 1742 2131 opera
1757 2103 1824 2131 per-

1045 2156 1141 2180 versa,
1159 2147 1231 2174 (luni
1248 2147 1352 2173 natura
1373 2143 1539 2176 rationalis,
1556 2144 1613 2169 Deo
1632 2144 1729 2169 mente
1747 2142 1827 2169 simi-

1045 2195 1091 2228 lis,
1108 2194 1174 2230 plus
1190 2195 1273 2220 vacat
1289 2191 1425 2224 luxuriae,
1439 2198 1531 2226 quam
1547 2189 1681 2217 brutaliS.
1697 2191 1768 2217 Nam
1781 2189 1826 2216 vi-

1046 2242 1162 2273 demus,
1178 2239 1260 2276 quod
1276 2239 1364 2266 bruta
1378 2237 1476 2264 solum
1494 2237 1523 2264 in
1539 2244 1608 2264 vere
1627 2238 1755 2270 cocunt3
1774 2236 1827 2264 sed

1046 2288 1181 2317 homines
1197 2286 1278 2314 omni
1302 2288 1445 2320 tempore,
1462 2284 1501 2311 ita
1517 2283 1599 2319 quod
1616 2291 1668 2311 nee
1688 2283 1760 2311 testa
1775 2292 1827 2311 cu-

1046 2335 1186 2363 stodiunt.
1212 2335 1297 2361 Bruta
1319 2334 1425 2359 coeunt
1442 2331 1479 2358 ad
1497 2331 1731 2366 generationem,
1748 2330 1827 2358 uude

1047 2390 1131 2410 suam
1150 2380 1269 2408 valeant
1284 2386 1459 2406 conservare
1478 2378 1625 2413 speciem;
1642 2378 1732 2405 homo
1747 2385 1829 2405 com-

1048 2430 1177 2458 muniter
1196 2427 1234 2455 ad
1257 2426 1353 2454 solam
1370 2425 1596 2453 delectationem
1613 2424 1708 2451 carnis
1725 2433 1731 2451 :
1749 2424 1829 2452 unde

1048 2485 1102 2504 nec
1116 2477 1208 2503 cessat
1222 2483 1239 2501 a
1255 2473 1378 2500 muliere
1393 2475 1574 2508 praegnante,
1586 2479 1654 2499 cum
1666 2471 1758 2498 multa
1773 2471 1817 2498 sin

1049 2522 1201 2556 animalia,
1217 2529 1283 2557 quie
1299 2522 1364 2556 post
1379 2522 1555 2555 conceptum
1571 2518 1673 2545 foetum
1685 2518 1819 2546 abstinen

1050 2580 1067 2599 a
1083 2570 1213 2597 toemina.
1230 2570 1316 2596 Bruta
1333 2567 1421 2594 etiam
1445 2567 1473 2593 in
1495 2568 1561 2593 actu
1579 2565 1689 2593 carnali
1705 2565 1830 2593 modum

1051 2619 1162 2645 natur-12.
1174 2623 1234 2644 non
1246 2617 1371 2649 mutant,
1388 2613 1440 2641 sed
1454 2615 1582 2647 servant,
1598 2614 1704 2648 prwter
1714 2621 1829 2648 pauca,

1086 2716 1115 2745 {ul
1134 2715 1195 2739 Coet.
1211 2714 1271 2737 edtt.
1289 2711 1373 2744 proni,
