1955 3021
550 217 603 282 S.
646 217 710 282 R.
751 217 811 280 E.
856 216 1272 280 GARDINALIS

134 357 598 460 SANCTI
678 356 1700 458 BONAVENTURAE

401 531 555 559 EPISCOPI
584 530 814 570 ALBANENSIS,
846 529 1018 557 DOCTORIS
1047 528 1219 557 ECCLESIAE
1249 529 1429 557 SERAPHICI

259 806 633 862 SERMONES
668 807 759 861 DE
798 805 1087 861 SANCTIS
1121 805 1372 861 TOTIUS
1406 806 1580 860 ANNI

518 933 568 973 IN
598 932 817 982 GENERE,
850 932 959 971 slve
989 931 1039 971 IN
1068 927 1319 971 COMMUN1¹

272 1167 329 1204 DE
363 1167 423 1204 SS.
460 1166 734 1203 APOSTOLIS.

346 1242 475 1281 SERMO
501 1242 659 1272 PRIMUS.

145 1299 250 1335 Species
259 1300 328 1335 cicli,
344 1301 433 1334 qloria
443 1299 584 1327 stellarum
595 1300 615 1326 ².
632 1300 685 1326 Per
696 1297 896 1326 coelumrecte

110 1346 239 1374 Ecclesia
253 1347 355 1374 sancta
369 1346 553 1381 intelligitur,
569 1346 685 1374 ratione
701 1344 820 1381 triplici.
838 1345 896 1372 Pri-

112 1401 173 1428 ma,
189 1393 260 1430 quia
279 1393 354 1421 sicut
378 1393 486 1421 coelum
504 1393 592 1420 nobis
613 1392 688 1420 celat
708 1392 811 1420 divina
833 1400 896 1420 ma-

114 1440 225 1476 gnalia,
240 1441 281 1468 sic
293 1440 421 1468 Ecclesia
432 1440 507 1468 celat
518 1439 620 1467 divina
635 1439 786 1475 mysteria,
803 1440 830 1467 et
846 1439 898 1467 do-

113 1489 223 1517 minica
237 1491 431 1517 sacramenta.
445 1489 592 1522 Secunda,
607 1489 688 1525 quia,
704 1489 778 1516 sicut
789 1488 898 1516 coelum

114 1538 157 1564 est
170 1539 276 1565 natura
288 1536 521 1571 nobilissimum,
536 1538 563 1564 et
576 1536 675 1564 forma
691 1535 898 1572 splendidissi-

114 1592 208 1618 mum,
225 1585 252 1611 et
266 1582 364 1618 figura
377 1583 625 1611 rotundissimum
634 1592 642 1617 ,-
660 1583 701 1610 sic
713 1582 840 1610 Ecclesia
857 1584 900 1610 est

114 1630 311 1665 nobilissima,
335 1630 373 1658 ab
389 1630 550 1658 eminentia
564 1630 644 1665 vitae;
663 1632 705 1658 est
719 1630 900 1665 splendidis-

113 1677 200 1713 sima,
217 1686 254 1705 ex
269 1678 389 1705 veritate
405 1677 562 1710 doctrinae3
580 1679 622 1704 est
637 1679 697 1705 tota
711 1677 855 1713 sphaerica
872 1679 900 1705 et

114 1724 253 1759 rotunda,
266 1732 302 1752 ex
315 1727 398 1752 motu
408 1724 596 1752 obedientiae.
613 1724 707 1752 Tertia
718 1725 805 1759 ratio,
817 1724 898 1760 quia,

115 1771 189 1799 sicut
205 1771 280 1799 inter
302 1772 393 1800 coelos
408 1774 451 1800 est
465 1771 559 1806 ordo,
578 1771 681 1806 magni
694 1793 703 1805 ‚
718 1771 840 1807 majoris
850 1793 858 1806 ,
873 1773 901 1799 et

115 1818 249 1853 maximi,
259 1821 291 1847 ut
303 1819 460 1855 quoddam
474 1819 583 1846 coelum
595 1819 630 1846 sit
642 1819 791 1852 infimum,
805 1818 900 1854 quod-

115 1866 186 1893 dam
199 1866 333 1893 medium
345 1887 353 1900 ,
371 1866 528 1902 quoddam
544 1874 712 1901 summum,
727 1866 767 1893 ita
782 1868 898 1900 tamen,

115 1913 200 1949 quod
215 1915 257 1940 est
272 1913 426 1940 influentia
446 1913 634 1949 superiorum
650 1913 681 1940 in
693 1913 780 1948 imos,
797 1916 825 1940 et
839 1921 900 1940 non

115 1960 289 1988 inferiorum
311 1960 342 1987 in
363 1968 514 1995 summos;
537 1961 580 1987 est
601 1960 690 1987 etiam
712 1968 824 1995 ponere
840 1968 900 1987 coe-

115 2006 189 2042 lum,
204 2007 287 2043 quod
306 2008 349 2034 est
365 2007 513 2034 creatione
528 2006 670 2042 primum,
688 2007 771 2042 quod
787 2008 830 2034 est
844 2007 901 2034 situ

115 2056 308 2091 altissimum,
335 2058 362 2084 et
389 2056 544 2084 influentia
567 2056 749 2090 maximum,
771 2056 844 2084 sicut
859 2058 902 2084 est

117 2103 224 2130 coelum
240 2111 428 2139 empyreum,
445 2103 529 2139 quod
548 2103 645 2130 influit
660 2103 690 2130 in
706 2103 808 2130 omnia
829 2103 902 2130 inse-

116 2150 206 2185 riora,
218 2152 246 2178 et
255 2150 365 2185 media,
380 2152 407 2177 et
418 2158 435 2177 a
444 2149 527 2178 nullo
542 2151 641 2186 ipsum
656 2150 759 2185 recipit
774 2150 901 2177 influen-

118 2197 203 2231 tiam3
220 2197 261 2224 sic
277 2199 305 2225 et
317 2197 348 2225 in
364 2197 491 2225 Ecclesia
507 2197 556 2224 Dei
570 2197 694 2233 quidam
707 2199 775 2224 sunt
788 2197 901 2232 praelati

118 2243 253 2279 minimi,
284 2245 316 2271 ut
349 2244 534 2280 parochiales
564 2244 745 2280 presbyteri3
777 2243 901 2279 quidam

118 2290 220 2325 medii,
237 2292 269 2318 ut
284 2290 431 2326 episcopi3
447 2291 570 2327 quidam
587 2291 721 2325 maximi,
735 2292 767 2318 ut
778 2290 902 2326 patriar-

118 2338 189 2372 chae,
207 2345 243 2365 ex
258 2337 367 2373 quibus
381 2339 532 2365 Romanus
546 2340 588 2365 est
603 2338 745 2373 dignitate
756 2345 901 2371 summuS,

120 2387 147 2412 et
162 2384 316 2412 influentia
333 2384 492 2419 maximus,
507 2385 579 2420 quia
594 2385 624 2412 in
640 2393 675 2412 eo
690 2386 732 2412 est
745 2384 901 2420 plenitudo

119 2431 288 2467 potestatis,
305 2439 340 2458 eo
361 2430 445 2467 quod
460 2431 522 2466 ipse
538 2431 743 2459 auctoritatem
755 2431 806 2458 dat
826 2430 902 2464 aliis,

122 2481 149 2506 et
165 2479 305 2506 omnihus
320 2478 463 2514 praecipit,
479 2479 507 2505 et
527 2478 590 2513 ipse
610 2486 628 2506 a
650 2478 768 2506 nemine
787 2478 901 2513 recipit,

122 2526 193 2562 quia
209 2525 284 2554 coelo
308 2525 406 2561 primo
428 2532 483 2560 per
504 2524 604 2552 omnia
626 2527 668 2553 est
690 2525 804 2552 similis.
827 2524 903 2558 Quid

154 2602 160 2617 ¹
186 2602 226 2631 Cf.
248 2601 314 2625 Edit.
338 2601 431 2630 Velio„
453 2608 495 2624 au.
518 2602 588 2630 4596,
610 2602 673 2624 toni.
695 2601 743 2631 ΙΙΙ,
763 2608 821 2631 pag.
843 2602 902 2630 3233

123 2637 189 2662 Edit.
211 2637 313 2666 Venet.‚
330 2643 373 2660 an.
389 2637 458 2667 1754,
474 2637 537 2660 toni.
554 2636 601 2666 Xl,
619 2643 677 2666 pag.
694 2638 749 2660 162.
766 2636 835 2660 Licet
850 2643 903 2660 ser-

124 2680 213 2697 mones
226 2674 269 2704 qui
279 2674 428 2703 sequuntur,
439 2672 602 2696 verisimilius
612 2672 747 2696 videantur
758 2672 789 2696 ad
803 2673 903 2696 Docto-

244 2727 318 2749 TOM.
341 2727 410 2749 XIV.

953 1162 1052 1188 autem
1066 1168 1121 1197 per
1136 1160 1234 1188 stellas
1251 1160 1338 1188 datur
1352 1161 1441 1189 nobis
1455 1161 1503 1189 hic
1517 1162 1652 1198 intelligi,
1672 1171 1739 1199 quae

953 1207 1035 1235 factae
1058 1207 1170 1235 suntin
1193 1209 1403 1235 ornamentum
1426 1208 1502 1244 coeli,
1525 1209 1581 1236 nisi
1603 1209 1678 1244 veri,
1691 1210 1741 1245 ju-

953 1255 1000 1289 sti,
1025 1256 1053 1282 et
1069 1255 1195 1282 maximi
1214 1255 1337 1291 praelati,
1354 1257 1387 1283 ut
1405 1256 1553 1292 praecipue
1573 1259 1641 1284 sunt
1662 1259 1741 1293 Apo-

954 1301 1037 1336 stoli,
1061 1302 1113 1338 qui
1136 1301 1296 1330 Ecclesiam
1319 1305 1519 1337 ornaverunt,
1540 1304 1568 1331 et
1590 1303 1741 1331 sanctitate

954 1348 1030 1383 vitae,
1047 1351 1074 1376 et
1089 1349 1248 1384 splendore
1262 1349 1413 1384 doctrinae,
1428 1352 1455 1378 et
1468 1358 1570 1386 opere,
1585 1352 1613 1378 et
1621 1350 1717 1378 verbo
1728 1351 1742 1378 ἱ)

955 1396 1000 1423 Sic
1015 1404 1086 1431 ergo
1102 1395 1291 1432 propositum
1310 1397 1439 1424 verbum
1455 1397 1664 1433 intelligendo,
1680 1398 1742 1426 duo

954 1443 1085 1471 maxime
1100 1443 1131 1470 in
1146 1451 1181 1471 eo
1196 1445 1356 1472 notantur:
1375 1443 1507 1480 primum
1523 1447 1576 1479 est,
1587 1445 1679 1481 ipsius
1693 1447 1744 1473 Ec-

955 1490 1050 1518 clesiae
1072 1493 1173 1518 sancta
1195 1491 1408 1527 pulchritudo3
1437 1492 1623 1528 secundum,
1650 1493 1743 1529 ipsius

954 1537 1186 1572 pulchritudinis
1200 1538 1388 1573 magnitudo.
1405 1540 1479 1566 Nam
1495 1539 1593 1575 primo
1610 1541 1744 1568 sanctam

955 1584 1114 1612 Ecclesiam
1127 1585 1285 1620 pulchram
1301 1593 1375 1620 esse,
1386 1585 1551 1614 luculenter
1567 1586 1742 1622 ostenditur,

956 1639 1025 1658 cum
1045 1631 1153 1659 dicitur
1169 1641 1175 1659 :
1193 1632 1299 1666 Species
1322 1633 1399 1667 coelz';
1421 1633 1553 1661 secundo
1576 1642 1648 1661 vero
1671 1642 1742 1662 cau—

956 1687 1021 1707 sam
1045 1679 1138 1716 ipsius
1159 1680 1391 1715 pulchritudinis
1415 1680 1535 1715 subdit,
1560 1689 1629 1708 cum
1651 1681 1742 1709 dicit:

957 1726 1050 1754 Gloria
1084 1728 1234 1755 stellarum.
1261 1728 1293 1755 Et
1321 1730 1363 1755 est
1385 1735 1487 1755 sensus
1509 1737 1516 1755 z
1550 1727 1744 1756 Pulchritudo

957 1773 1094 1801 omnium
1113 1774 1309 1802 Ecclesiarum
1325 1777 1367 1802 est
1390 1774 1537 1809 doctrina,
1558 1776 1585 1802 et
1607 1775 1744 1803 sanctitas

956 1821 1167 1856 lirfelatorum,
1189 1821 1264 1848 sicut
1283 1821 1373 1849 stellae
1396 1824 1464 1849 sunt
1482 1821 1514 1849 in
1533 1824 1744 1850 ornamentum

957 1875 1081 1895 suorum
1097 1868 1228 1895 orbium.
1251 1868 1307 1896 Sed
1328 1871 1421 1896 nota:
1446 1869 1476 1896 in
1499 1869 1590 1896 stellis
1613 1872 1690 1897 recte
1706 1870 1744 1897 si-

957 1916 1087 1949 gnantur
1099 1915 1192 1943 sancti
1207 1915 1351 1951 Apostoli,
1364 1915 1476 1951 praelati
1491 1916 1580 1951 primi
1598 1918 1625 1944 et
1638 1917 1744 1952 praeci-

957 1961 1009 1996 pui
1019 1971 1026 1995 ;
1045 1964 1072 1989 et
1087 1961 1217 1989 maxime
1232 1962 1347 1990 ratione
1362 1962 1471 1998 triplici
1493 1972 1499 1990 :
1518 1971 1589 1991 nam
1604 1963 1634 1991 in
1654 1964 1745 1992 stelliS

958 2008 1118 2036 attenditur
1143 2009 1241 2045 primo
1273 2011 1385 2037 naturae
1409 2009 1550 2038 nobilitas
1558 2020 1567 2046 3
1593 2011 1745 2046 secundo,

958 2054 1030 2082 situs
1043 2055 1210 2084 sublimitas
1221 2066 1228 2091 ;
1248 2057 1345 2091 tertio,
1359 2057 1462 2092 figurae
1476 2057 1654 2086 rotunditas.
1671 2059 1744 2086 Nam

958 2102 1047 2130 stellae
1066 2104 1135 2130 sunt
1153 2106 1260 2131 natura
1279 2103 1464 2139 purissimae,
1479 2106 1547 2132 sunt
1562 2104 1618 2132 situ
1634 2107 1662 2132 et
1676 2104 1744 2133 loco

958 2149 1107 2177 altissimae
1119 2160 1127 2185 3
1145 2152 1172 2177 et
1187 2152 1254 2177 sunt
1268 2150 1371 2185 figurae
1389 2151 1539 2186 sphaericae
1553 2153 1581 2179 et
1594 2152 1742 2181 rotundae.

958 2196 1002 2224 Sic
1017 2198 1045 2224 et
1069 2197 1163 2224 sancti
1186 2197 1319 2233 Apostoli
1341 2197 1461 2225 fuerunt
1484 2198 1552 2234 puri
1575 2206 1629 2234 per
1650 2200 1745 2227 conti-

957 2243 1110 2278 nentiam3
1132 2243 1252 2271 fuerunt
1269 2243 1318 2271 alti
1334 2252 1387 2280 per
1402 2245 1584 2281 paupertatis
1600 2246 1745 2274 excellen-

958 2290 1046 2325 tiam3
1064 2292 1091 2318 et
1112 2290 1230 2319 fuerunt
1253 2291 1388 2327 sphaerici
1407 2294 1434 2320 et
1457 2292 1579 2320 rotundi
1600 2300 1654 2328 per
1671 2293 1744 2321 ohe-

959 2337 1114 2365 dientiam.

996 2384 1065 2411 Dico
1084 2385 1195 2420 primo,
1218 2384 1303 2420 quod
1325 2385 1417 2413 stellae
1432 2388 1500 2414 sunt
1521 2389 1626 2416 natura
1648 2397 1742 2424 purae,

959 2439 994 2459 eo
1018 2431 1101 2467 quod
1121 2431 1196 2459 lucis
1217 2432 1403 2460 abundantia
1426 2436 1492 2461 sunt
1513 2433 1656 2463 formatae.
1681 2437 1745 2463 Non

960 2478 1039 2505 enim
1069 2478 1152 2506 aliud
1178 2480 1220 2507 est
1244 2479 1344 2513 stella,
1375 2488 1467 2515 quam
1491 2480 1543 2508 lux
1570 2485 1743 2518 aggregata.

961 2525 1053 2559 Unde,
1076 2525 1198 2561 quando
1222 2527 1297 2554 Deus
1319 2526 1417 2554 lucem
1437 2535 1455 2554 a
1477 2527 1606 2556 tenebris
1630 2529 1744 2565 divisit,

960 2607 1015 2623 rem
1025 2600 1191 2631 Seraphicum
1199 2601 1337 2631 pertinere,
1348 2601 1586 2626 exilioribustamen
1596 2604 1671 2634 typis,
1679 2604 1745 2628 haud

961 2644 1034 2660 secus
1051 2644 1080 2660 nc
1099 2638 1287 2667 praecedentes,
1305 2636 1415 2660 cudendi
1429 2640 1498 2669 sunt,
1514 2640 1541 2662 ut
1556 2646 1587 2662 ne
1603 2640 1661 2669 illis,
1678 2640 1745 2670 plus-

961 2680 1037 2703 quam
1056 2674 1116 2697 satis
1131 2675 1178 2704 est,
1193 2674 1279 2697 favere
1295 2673 1438 2697 videamur.
1450 2688 1475 2690 —
1488 2675 1495 2688 ²
1512 2675 1600 2705 lscclz'„
1615 2682 1688 2707 me,
1708 2678 1744 2700 10.

1605 2725 1619 2752 1
