1955 3021
235 179 282 203 xx
292 191 297 194 .

235 236 336 270 tentia
359 235 521 269 Editionis«
536 233 723 268 novissimae
737 234 926 274 Aneiai-um,
943 233 1000 275 qui
1023 234 1138 276 putant
1160 234 1275 269 eodem
1296 241 1382 271 anno
1404 243 1424 270 a
1445 236 1675 271 Bonaventun
1694 238 1857 281 seripmmj

233 296 370 338 insuper
381 295 480 328 fuisse
491 294 707 328 Itinerarium
719 292 840 326 mentis
854 292 893 326 in
906 291 1019 333 Deum,
1034 302 1072 326 ac
1082 293 1297 329 Icinerarium
1309 296 1428 331 nucum
1443 297 1483 330 in
1493 296 1638 338 seipsum
1646 297 1670 330 ¹.
1678 296 1854 336 Qnocnim

233 357 327 396 pacto
341 354 425 387 hanc
438 362 569 396 quoque
580 352 778 394 Legendam,
791 361 866 394 quae
879 360 957 384 sane
973 351 1109 393 longam
1123 352 1342 394 plurimarum
1361 362 1475 389 rerum
1494 356 1770 398 perquisitionum·
1782 356 1855 391 exi—

233 415 343 456 gebat,
358 423 398 447 eo
415 413 486 455 ipso
499 421 585 445 anno
599 412 754 454 potuisset
767 410 927 453 complere
936 411 952 442 ’ἒ
972 410 1063 444 Tunc
1077 413 1211 454 coepisse
1230 412 1378 447 laborare
1401 421 1462 456 pro
1483 415 1607 449 Sancto
1630 415 1855 456 concesserim,

233 482 300 506 non
313 475 424 506 tamen
438 474 581 514 coeptum
594 479 677 512 opus
690 478 946 502 consummasse.
972 469 1009 502 ln
1035 471 1064 511 ej
1070 471 1182 503 usdem
1203 471 1363 514 Legendae
1381 472 1485 514 capite
1507 473 1620 507 tertio¹
1633 473 1746 508 Frater
1761 473 1859 515 AEgi-

231 532 306 565 dius
318 531 478 565 indicatur
492 531 652 570 mortuus,
662 529 742 562 dum
757 529 877 562 dicitur
889 539 897 561 ι
908 540 924 560 α
932 528 1070 562 Sanctus
1084 529 1178 562 Pater
1190 529 1378 572 AEgidius...
1388 531 1505 565 celebri
1516 533 1678 567 memoria
1689 533 1824 576 dignus,
1836 545 1851 564 ι

232 590 292 632 qui
304 589 436 632 quidem
451 588 569 622 obiisse
581 588 686 621 fertur
699 597 753 620 an.
771 589 864 620 1262.
1508 600 1510 603 ·

231 699 248 736 §
265 699 334 729 XVI.
353 714 389 720 —
406 699 446 727 De
464 699 634 727 PAumi-rnz
654 698 772 727 Cnms'rl.
791 713 827 719 —
845 698 861 735 §
880 699 959 727 xvu.
980 701 1112 729 ΑΡοιοοιΛ
1138 702 1300 730 ΡΑυνιῑιωι..
1319 717 1356 723 -
1373 702 1390 740 ξ
1408 703 1500 732 xvm.
1519 703 1600 732 Lien
1616 705 1813 734 Ami-oomnis
1829 711 1856 734 u<

267 752 327 780 nos,
352 752 397 777 om
421 752 510 773 omnm
537 744 662 772 annuu
685 745 808 772 Minoam:
834 753 1030 774 Anvsnsmun.
1050 761 1086 767 -
1104 746 1121 783 ξ
1140 747 1205 776 ΧΙΧ.
1231 748 1326 782 Qum
1351 748 1470 778 Faunus
1495 749 1614 778 limem
1637 757 1802 786 mmm,
1824 757 1857 778 n·

266 797 451 819 conrrssionss
469 797 593 818 Annum.
613 789 781 826 (Prodrom.,
799 789 851 818 col.
873 791 1016 827 eoa-609.)

272 867 312 901 Ut
324 867 454 901 initium
468 866 625 900 ducamus
639 877 659 900 a
671 867 778 909 primo
791 877 833 900 ex
853 867 941 900 hisce
959 869 1133 910 opusculis,
1152 869 1231 903 illud
1251 873 1377 904 certum
1391 871 1532 905 reddunt
1555 873 1641 906 inter
1655 875 1751 906 testes
1772 872 1856 906 fleu-

227 927 316 960 ricus
326 926 554 966 Gandavensis,
567 925 740 959 Ubertinus
754 926 940 968 Casalensis,
956 928 1085 961 Codices
1099 938 1176 961 mss.
1193 932 1225 962 et
1239 929 1411 964 Editiones.
1423 931 1532 971 Quum
1544 935 1655 965 autem
1666 932 1853 974 legitimum

229 986 401 1029 admittant
414 984 554 1018 acriores
566 995 698 1028 quoque
713 985 1076 1021 Bonaventurianorum
1090 989 1232 1031 Operum
1246 999 1407 1031 censores,
1432 1001 1473 1024 ne
1494 992 1529 1023 in
1541 1000 1577 1024 re
1590 992 1632 1024 ab
1647 991 1726 1034 ipsis
1737 991 1853 1024 adver-

228 1040 323 1078 sariis
337 1055 498 1085 concessa,
514 1045 621 1086 magis
635 1047 805 1088 magisque
819 1049 1041 1081 confirmanda
1055 1050 1182 1091 tempus
1197 1051 1316 1082 frustra
1342 1052 1458 1090 teram,
1474 1051 1575 1083 satius
1589 1051 1740 1083 existimo
1753 1051 1854 1083 verba

227 1104 331 1137 facere
345 1104 385 1136 de
400 1103 559 1136 Gulielmo
573 1113 592 1136 a
606 1103 724 1137 Sancto
738 1106 868 1147 Amore,
885 1108 942 1149 qui
957 1109 991 1140 in
1005 1108 1118 1140 eodem
1132 1109 1252 1150 scripto
1266 1108 1436 1141 refellitur.
1449 1108 1501 1141 Sic
1515 1110 1623 1150 itaque
1638 1109 1678 1141 de
1691 1108 1762 1150 ipso
1774 1108 1852 1150 lego

227 1163 261 1195 in
275 1172 337 1196 ms.
347 1163 503 1196 Chronico
518 1165 556 1195 15
572 1162 777 1197 Generalium
785 1165 1006 1198 Ministrornm
1020 1167 1142 1199 Codicis
1156 1167 1366 1199 Taurinensis
1374 1168 1436 1199 sub
1451 1167 1476 1199 F
1478 1166 1641 1200 r.Joanne
1656 1166 1826 1200 Parmensi
1842 1179 1849 1199 z

232 1235 247 1253 α
262 1223 329 1256 Sub
344 1223 445 1264 huJus
468 1222 645 1255 ministerio
660 1223 850 1257 Guillelmus
871 1226 910 1257 de
935 1225 1052 1258 Sancta
1078 1226 1202 1258 Martha
1210 1227 1231 1265 ³,
1250 1226 1364 1258 Doctor
1379 1225 1577 1267 Theologus,
1594 1226 1647 1258 sed
1666 1226 1706 1258 ad
1726 1226 1852 1259 sobrie-

229 1283 327 1314 tatem
341 1291 406 1314 non
421 1282 559 1323 sapiens,
582 1285 694 1315 contra
714 1283 953 1325 Religiosornm
980 1285 1164 1326 Pauperum
1188 1288 1320 1324 statum,
1337 1289 1368 1317 et
1382 1285 1470 1326 quod
1484 1285 1710 1318 commissione
1725 1284 1851 1317 Summi

228 1339 391 1373 Pontificis
407 1340 458 1374 vel
472 1340 715 1374 Ordinariorum
732 1352 796 1375 uon
810 1346 938 1384 possent
954 1344 1110 1376 Fidelium
1126 1345 1340 1376 consessiones
1363 1344 1476 1376 audire
1497 1344 1565 1376 sine
1586 1344 1714 1376 licentia
1726 1342 1854 1385 speciali

227 1400 460 1441 parochialium
475 1401 690 1441 sacerdotum,
707 1395 851 1434 libellum
865 1404 1119 1436 diffamatorium
1137 1404 1370 1446 promulgavit.
1395 1404 1458 1436 Sed
1483 1406 1592 1445 postea
1606 1403 1774 1436 Fratribus
1795 1410 1854 1444 pro

228 1459 373 1491 veritatis
389 1459 573 1492 defensione
586 1460 793 1500 instantibus,
811 1462 938 1494 libellus
951 1464 1081 1504 quidem
1099 1464 1204 1504 primo
1230 1473 1339 1495 coram
1367 1463 1457 1494 Dom.
1481 1462 1666 1494 Alexandro
1688 1461 1776 1503 Papa
1799 1460 1851 1501 lv,

227 1518 284 1559 qni
299 1528 376 1550 eum
389 1517 428 1550 de
442 1517 593 1550 Fratrum
607 1528 742 1551 suorum
757 1521 890 1553 consilio
905 1522 966 1553 suh
982 1522 1197 1554 anathematis
1219 1522 1340 1554 ultione
1361 1522 1396 1553 in
1410 1530 1475 1560 θος,
1489 1521 1548 1562 qui
1562 1523 1720 1559 tenerent,
1735 1523 1766 1552 et
1788 1529 1855 1552 non

227 1577 381 1616 delerent,
391 1576 612 1618 damnaverat,
629 1578 702 1609 dein
721 1578 863 1610 l'arisius
878 1590 988 1611 coram
1004 1581 1148 1621 piissimo
1166 1584 1240 1612 tunc
1253 1590 1329 1620 rege
1342 1580 1553 1618 Francorum,
1563 1589 1651 1611 nunc
1662 1579 1854 1612 Sanctorum

228 1639 426 1678 aggregato.
443 1640 475 1669 et
489 1638 627 1678 ascripto
653 1638 815 1678 Cafflogo,
847 1639 929 1670 dicto
954 1638 1128 1678 Ludovico‚
1161 1639 1366 1671 multitudine
1387 1641 1573 1677 convocata,
1598 1639 1786 1671 solemniter
1807 1641 1856 1671 est

228 1696 427 1728 combustus.
444 1695 552 1728 Dictus
568 1705 646 1728 vero
660 1696 849 1728 Guillelmus
864 1697 902 1729 dc
916 1700 982 1729 toto
997 1697 1143 1730 Franciae
1159 1707 1264 1738 regno
1279 1698 1436 1739 expulsus
1452 1700 1511 1729 est.
1531 1697 1664 1729 Multam
1685 1698 1744 1730 iste
1768 1697 1855 1730 Guil-

228 1753 346 1785 lelmus
361 1754 470 1786 Ordini
486 1755 740 1795 persecutionem
764 1756 910 1796 ingessit.
927 1757 1006 1787 ilum
1022 1757 1108 1788 enim
1131 1757 1243 1788 callide
1263 1757 1391 1788 Clerum
1411 1756 1634 1796 varisiensem,
1651 1758 1682 1788 et
1699 1755 1853 1789 Praelatos

228 1812 387 1852 Ecclesiae,
404 1822 545 1854 quorum
563 1823 597 1845 se
610 1813 809 1846 defensorem
823 1815 958 1854 dicebat,
976 1818 1087 1848 contra
1101 1816 1252 1848 Ordinem
1265 1816 1467 1855 concitasset,
1485 1815 1588 1848 multa
1598 1815 1725 1848 Fratres
1737 1825 1852 1857 oppro-

228 1870 298 1903 bria
312 1874 343 1903 et
357 1871 475 1904 damna
492 1872 575 1913 passi
591 1875 677 1904 sunt.
695 1872 768 1912 Sed,
786 1874 868 1906 sicut
883 1878 1048 1907 ostensum
1063 1878 1120 1914 est,
1135 1884 1203 1908 suae
1219 1876 1319 1907 finem
1336 1874 1483 1914 malitiae,
1499 1877 1532 1907 et
1544 1874 1672 1908 astutiae
1687 1875 1851 1908 confusio-

227 1939 302 1962 nem
316 1931 447 1972 aeeepit.
465 1943 479 1960 υ

269 1989 409 2022 Libellus
429 1990 619 2031 hujusmodi
643 1992 781 2032 scriptus
806 1993 865 2023 l'uit
887 1994 1042 2026 adversus
1067 1994 1281 2025 Mendicautes
1304 2003 1357 2025 an.
1386 1994 1463 2024 1:253
1478 1992 1547 2024 sive
1576 1993 1665 2032 ¹255,
1682 1993 1852 2027 damnatus

229 2051 338 2081 autem
353 2052 384 2081 et
398 2049 584 2081 combustus
598 2050 769 2090 Anagnia),
782 2052 879 2091 jussu
893 2052 1065 2084 Alexandri
1084 2052 1134 2090 1V,
1151 2062 1204 2083 an.
1223 2054 1312 2084 12:50.
1330 2051 1525 2083 l'rael‘erebat
1539 2051 1691 2083 titulum:
1707 2052 1751 2084 De
1763 2053 1852 2094 pert*-

228 2108 310 2140 culis
326 2108 576 2141 novissimorum
592 2113 779 2149 temporum,
798 2113 829 2141 ct
843 2110 1013 2151 incipiebat
1028 2121 1035 2142 :
1052 2112 1129 2143 Ecce
1146 2110 1289 2143 videntes
1303 2110 1486 2144 clamabant
1509 2111 1602 2149 soris.
1630 2110 1756 2143 ‚Iustam
1780 2112 1852 2152 ejus

229 2167 469 2200 damnationem
486 2168 614 2200 diffiteri
631 2178 697 2200 non
714 2169 818 2209 potuit
833 2169 884 2200 vel
897 2170 1055 2209 Oudinus,
1072 2171 1128 2212 qui
1144 2171 1207 2202 ait:
1229 2182 1243 2200 α
1256 2169 1346 2204 ‚iuste
1357 2170 1405 2210 (ut
1419 2170 1563 2210 ingenue
1577 2169 1701 2211 loquar)
1718 2170 1852 2202 damna-

228 2229 280 2258 tus
294 2228 341 2258 est
360 2226 400 2258 ob
416 2228 545 2268 probra,
564 2231 595 2258 et
609 2228 757 2268 injurias,
777 2238 856 2268 quas
875 2230 1068 2269 continebat,
1086 2233 1117 2261 et
1131 2239 1205 2270 qua:
1215 2228 1401 2261 scandalosa
1411 2230 1517 2268 erant,
1538 2231 1636 2269 atque
1650 2228 1852 2270 Presbyteris

228 2285 417 2318 Doctoribns
432 2286 579 2326 indigna,
597 2289 627 2318 ct
640 2287 760 2327 iniqua,
778 2287 932 2320 adversus
948 2288 1083 2321 Ordines
1097 2288 1229 2321 diss'usos
1240 2290 1322 2329 Jam‚
1337 2291 1368 2320 et
1381 2288 1422 2320 ab
1438 2288 1621 2329 Apostolica
1635 2286 1717 2321 Sede
1730 2298 1850 2329 appro-

228 2345 330 2384 batos,
347 2343 595 2377 scribentibus&
613 2357 626 2373 »

269 2404 317 2435 Ad
328 2405 450 2444 ,iustam
466 2404 688 2444 hujuscemodi
704 2405 944 2439 damnationum
971 2407 1141 2439 contulisse
1157 2408 1405 2448 Disputationes
1421 2407 1475 2439 Fr.
1492 2407 1738 2446 Bonaventuroe‚
1761 2406 1850 2438 testis

228 2464 274 2493 est
283 2463 417 2503 scriptor
427 2463 559 2504 aequalis
568 2463 592 2494 Τ
595 2464 709 2495 homas
718 2465 965 2506 Cantipratanus
974 2470 998 2505 ἦ
1012 2471 1022 2485 “
1030 2467 1287 2507 Disputationes,
1302 2467 1447 2507 inquam,
1458 2465 1584 2498 habitas
1595 2474 1704 2497 eoram
1712 2465 1849 2498 Alexan-

259 2554 265 2569 ¹
280 2554 402 2584 Di'aaervb„
417 2562 474 2585 pag.
495 2557 534 2585 Π,
550 2557 644 2578 nostra:
658 2562 719 2579 vero
735 2556 807 2587 edit„
823 2559 884 2582 loni.
902 2559 919 2588 Ι,
941 2565 999 2589 pag.
1016 2564 1118 2582 Χι-Χιι.
1134 2571 1164 2575 -
1176 2558 1186 2574 ²
1202 2559 1260 2589 lluJ.
1278 2561 1339 2583 lom.
1359 2564 1418 2589 pag.
1434 2559 1490 2587 ³01,
1505 2556 1555 2581 col.
1574 2558 1594 2580 l.
1609 2569 1635 2573 —
1652 2558 1660 2570 ³
1672 2557 1699 2580 ln
1711 2556 1846 2581 Chronicis

226 2589 392 2614 Normuunioe
413 2591 479 2620 apud
500 2591 674 2621 xx‘audiugum
698 2591 729 2614 nil
755 2600 796 2616 nu⁴
828 2596 901 2624 lehi,
922 2601 947 2618 n.
971 2598 1015 2625 54,
1041 2595 1108 2618 inter
1125 2594 1287 2618 adversarios
1310 2592 1511 2618 Mendicautium
1531 2594 1699 2616 recensentur
1722 2593 1846 2624 Μαρκίοι-

227 2625 378 2649 Gul'llelmus
395 2625 425 2649 de
438 2628 528 2650 sancto
543 2628 640 2656 .·lmorc,
658 2628 791 2650 ,lim-tunm
808 2629 837 2651 αι’
853 2632 944 2653 Surium
961 2630 1072 2660 Marum,
1088 2633 1136 2654 etc.
1153 2643 1183 2647 —
1199 2631 1207 2646 δ
1222 2631 1297 2654 Toni.
1315 2631 1362 2660 lll,
1378 2629 1428 2653 eol.
1443 2630 1488 2652 248
1505 2630 1530 2652 et
1547 2635 1601 2659 seq.
1619 2641 1645 2645 -
1662 2628 1672 2644 ὓ
1686 2628 1721 2652 De
1740 2628 1845 2659 Apibus,

226 2660 268 2686 lib.
289 2662 320 2692 ll,
335 2670 358 2686 c.
374 2668 403 2692 x,
427 2669 452 2686 n.
473 2666 516 2693 2:23,
534 2664 565 2686 ud
582 2670 624 2686 nu.
644 2665 718 2693 mou,
735 2664 777 2687 llbl
801 2665 892 2689 dicitnr
914 2665 1030 2690 Minister
1046 2666 1191 2698 Generalis,
1207 2673 1259 2690 nou
1285 2666 1353 2697 quod
1369 2667 1429 2690 tnnc
1445 2666 1513 2689 esset
1527 2664 1598 2693 talis.
1618 2664 1661 2688 sed
1678 2664 1737 2696 quia
1755 2666 1843 2695 postea

226 2696 281 2722 ruit.
297 2710 327 2715 --
345 2699 352 2711 “’
369 2698 509 2729 Profe-0111„
525 2701 571 2724 col.
589 2700 628 2729 2³,
645 2706 669 2723 n.
691 2702 713 2723 Lu.
