2029 3052
704 210 860 244 CONTRA
880 208 1115 244 MAGISTRUM
1136 209 1381 243 GUlLELMUM.

231 279 374 313 habitare
393 280 430 313 in
448 279 662 313 tabernaculis
671 281 884 321 peccatorum.
902 278 1008 310 Decies

233 333 348 366 millies
368 333 476 375 itaque
493 334 665 374 elegissent
687 333 802 374 abjecti
818 341 886 364 esse
899 332 985 364 domi
996 356 1006 370 ,

231 395 329 428 quam
352 397 490 428 regnare
509 388 544 419 in
565 387 750 428 Babylonia.
763 398 777 416 n
806 387 861 419 Est
879 395 959 427 ergo
973 386 1009 417 in

231 441 463 474 mendicatione
475 441 656 473 humiliatio
665 444 696 474 et
710 441 873 473 vilificatio
883 441 934 472 sui
945 440 1009 472 Deo

230 497 373 536 accepta3
399 495 544 537 alioquin
559 506 577 527 a
592 495 708 527 sanctis
723 495 831 536 pueris
846 504 911 526 non
927 496 1010 525 esset

230 548 391 588 eligenda.
408 549 545 589 Eligitur
569 551 690 588 autem,
713 558 750 581 eo
772 549 858 590 quod
877 557 956 580 cura
970 548 1010 579 sit

230 602 281 633 sui
295 611 370 634 cum
386 603 567 634 humilitate
583 612 651 635 sua.
669 603 716 634 Illi
731 605 853 642 autem,
879 603 935 644 qui
950 611 1008 633 cu-

230 665 298 687 ram
313 657 419 688 carnis
433 666 501 689 suae
516 659 619 697 agunt
631 658 666 688 in
678 657 841 689 desideriis
854 659 885 688 et
898 665 1011 688 concu-

229 711 402 752 piscentiis,
424 711 471 742 illi
495 712 705 752 proculdubio
729 721 796 743 non
814 711 1007 750 laudantur,

229 765 310 796 sieut
324 765 478 797 meretrix
488 775 561 806 quae
574 766 713 806 seipsam
727 765 887 806 prostituit
899 774 1008 796 amore

228 819 383 859 pecuniae,
399 819 450 851 vel
464 819 590 851 fervore
600 819 752 851 libidinis.
775 819 836 850 Sed
850 819 933 850 absit
950 819 1011 850 hoc

229 881 248 904 a
263 873 406 905 fidelium
422 874 588 914 cordibus,
614 876 651 906 ut
664 873 846 905 humiliatio
863 873 1009 905 virorum

229 927 445 968 spiritualium
459 928 493 958 in
517 928 750 960 mendicatione
777 928 818 959 sit
831 927 945 958 similis
959 927 1011 959 vi-

229 980 394 1012 lificationi
422 982 596 1013 meretricis
621 982 654 1012 in
688 981 738 1012 sui
773 981 1008 1022 prostitutione.

231 1033 312 1064 Nam
327 1035 473 1066 membra
487 1034 603 1066 Christi
618 1045 683 1067 non
708 1037 783 1066 sunt
803 1035 955 1073 tollenda,
976 1036 1012 1066 ut

230 1087 309 1118 fiant
336 1089 481 1120 membra
514 1089 700 1121 meretricis.
733 1089 876 1121 Christus
900 1091 1009 1120 autem

230 1141 269 1173 de
283 1151 317 1172 se
330 1141 364 1172 in
377 1142 481 1174 forma
491 1143 586 1182 servi,
604 1146 635 1175 et
647 1143 745 1175 ctiam
756 1153 814 1184 pro
829 1143 895 1175 suis
911 1152 1013 1174 mem-

231 1195 297 1226 hris
311 1195 386 1227 dicit
402 1197 411 1214 ¹
429 1207 436 1228 ε
452 1197 519 1237 qu
539 1206 610 1230 sum
633 1198 797 1230 mendicus
813 1200 842 1230 ec
863 1205 1010 1237 promen

231 1249 386 1281 Dominus
399 1253 505 1282 autem
517 1251 677 1284 sollicitus
695 1252 767 1283 mei.
784 1251 874 1289 Quod
888 1260 1011 1291 nequa-

231 1312 330 1343 quam
345 1304 473 1342 diceret,
489 1304 551 1335 nisi
566 1314 634 1336 esse
650 1305 833 1336 mendicum
850 1314 907 1345 pro
924 1304 1013 1336 Chri-

232 1360 279 1388 sto
293 1358 371 1389 adeo
384 1359 520 1399 placeret
534 1359 609 1398 Deo,
622 1361 658 1390 ut
673 1359 771 1390 Deum
786 1359 878 1390 faciat
894 1368 1008 1399 gerere

233 1421 344 1443 curam
358 1413 460 1443 nostri
476 1413 748 1453 specialissimam,
761 1413 842 1444 sicut
856 1412 940 1452 gerit
955 1421 1013 1452 pa-

232 1467 281 1497 ter
294 1466 332 1497 de
348 1466 422 1497 filiis
439 1476 447 1498 :
464 1467 550 1507 quod
571 1467 610 1498 de
626 1467 845 1498 meretricibus
861 1469 892 1497 et
907 1476 1011 1498 mere-

233 1519 420 1551 tricantibus
437 1521 566 1560 sentire,
587 1521 699 1561 procul
723 1521 764 1552 sit
777 1521 817 1552 ab
833 1521 967 1552 auribus
980 1523 1012 1552 et

234 1574 395 1605 mentibus
410 1574 606 1607 christianis.

275 1627 426 1659 Refellere
441 1629 654 1661 nihilominus
669 1631 803 1660 conatur
817 1629 925 1669 aliqua
937 1629 1011 1668 alia,

233 1681 322 1712 velut
335 1681 443 1713 dubia.
465 1682 546 1714 Nam
566 1683 605 1714 ad
628 1682 718 1720 illud,
744 1682 830 1723 quod
845 1682 961 1713 dicitur
975 1682 1014 1713 de

234 1735 325 1766 beato
340 1735 463 1775 Alexio,
475 1737 560 1777 quod
570 1736 772 1775 mendicavit,
788 1738 819 1767 et
834 1735 1012 1775 Francisco,

234 1790 319 1830 quod
333 1790 497 1821 miraculis
513 1791 575 1822 hoc
589 1790 804 1829 confirmavit,
821 1790 1011 1830 respondet:

237 1855 252 1873 (ι
263 1843 366 1875 Proba
380 1846 534 1884 tanquam
549 1844 647 1875 dubia
661 1846 692 1875 et
706 1844 842 1881 incerta3
861 1855 874 1872 »
895 1843 1014 1874 addens

233 1897 319 1937 quod
333 1897 430 1928 ctiam
444 1898 469 1928 si
494 1897 648 1928 miracula
662 1899 765 1928 essent
779 1897 869 1935 facta,
887 1906 950 1927 non
970 1906 1015 1927 es-

233 1953 280 1982 set
293 1951 396 1982 adhuc
409 1953 543 1990 certum,
560 1952 635 1992 quia
650 1952 742 1982 multi
767 1951 842 1981 mali
857 1951 1015 1982 miracula

233 2005 369 2044 faciunt;
399 2007 430 2036 et
449 2005 534 2046 quod
560 2006 598 2037 de
623 2006 759 2046 panibus
783 2005 880 2036 etiam
902 2006 1013 2036 furtim

233 2059 365 2090 sublatis
385 2061 513 2099 possent
537 2059 688 2090 miracula
710 2059 790 2097 fieri,
821 2067 879 2089 nec
905 2061 1015 2090 tamen

234 2123 273 2145 ex
287 2114 349 2144 hoc
364 2114 531 2151 constaret,
549 2113 635 2153 quod
659 2113 782 2143 bonum
801 2114 882 2144 esset
897 2113 1013 2145 furari:

235 2167 374 2198 Dubium
395 2167 491 2199 etiam
512 2167 598 2205 dicit,
614 2167 700 2208 quod
718 2167 861 2198 Romana
874 2167 1013 2199 Ecclesia

235 2221 457 2261 approbaverit
472 2221 749 2259 mendicationem,
767 2221 842 2261 quia
857 2221 882 2252 si
900 2221 1015 2253 110010-

235 2276 330 2312 ceret,
353 2283 459 2305 errare
484 2274 727 2306 convinceretur
745 2285 751 2306 :
770 2275 915 2306 similiter
938 2277 968 2306 et
988 2275 1015 2305 si

235 2328 454 2368 imponeretur
469 2328 501 2358 in
514 2337 641 2368 poenam
656 2328 877 2359 satisfactionis
888 2353 895 2367 ,
924 2337 1013 2359 erra-

235 2384 283 2413 ret
300 2393 307 2413 :
326 2384 356 2412 et
371 2381 431 2412 1100
443 2381 517 2412 dicit
530 2381 711 2412 nullatenus
726 2391 794 2413 esse
807 2382 1012 2413 eredendum.

235 2436 316 2467 Huic
337 2437 445 2466 autem
468 2435 643 2465 obviationi
661 2444 716 2475 per
731 2435 960 2467 dubitationem
982 2445 1015 2467 se

236 2489 429 2529 protegenti,
444 2488 511 2519 sine
524 2488 622 2519 dubio
636 2489 848 2520 resistendum
863 2492 918 2520 est.
935 2489 1015 2521 Nam

237 2543 263 2573 si
276 2543 309 2573 in
325 2543 459 2574 dubium
478 2543 657 2578 revocetur,
682 2542 767 2582 quod
782 2542 903 2582 legitur
918 2543 950 2574 in
974 2544 1016 2574 le-

239 2588 344 2635 genda
354 2595 466 2627 sanctii
481 2595 595 2634 Alexii,
619 2597 650 2626 et
664 2595 799 2635 legenda
818 2596 900 2627 beati
915 2596 938 2627 F
940 2606 1016 2627 ran-

271 2677 279 2692 1
304 2676 370 2700 Psal.
397 2681 492 2707 xxxlx,
516 2677 556 2700 18.
578 2689 607 2693 —
631 2676 641 2691 ²
666 2675 739 2701 Caus.
765 2682 864 2706 xxxin,
891 2677 950 2702 dist.
980 2683 1014 2708 VJ,

241 2718 263 2737 c.
281 2717 310 2737 11.

1786 210 1846 240 395

1064 278 1147 318 cisei‚
1163 279 1232 320 pari
1247 278 1368 310 ratione
1379 277 1412 308 in
1427 276 1562 308 dubium
1579 277 1669 308 venit
1686 275 1841 318 quidquid

1064 332 1183 373 legitur
1196 332 1229 363 in
1242 331 1386 372 legendis
1395 331 1533 363 aliorum
1545 332 1745 369 sanctorum;
1761 338 1840 370 ergo

1065 386 1173 417 omnia
1193 386 1342 426 exempla
1369 385 1527 417 virtutum
1548 387 1580 416 et
1602 386 1693 424 gesta
1712 384 1843 416 Sancto-

1065 449 1140 471 rum
1161 441 1231 480 Jam
1251 441 1407 471 vocantur
1427 439 1461 470 in
1485 438 1633 470 dubium.
1660 437 1721 470 Sed
1745 438 1843 469 dubia

1065 493 1185 525 imitari
1200 494 1251 526 vel
1271 494 1398 525 credere
1417 492 1630 534 periculosum
1648 494 1712 530 est;
1736 501 1773 523 ac
1787 501 1843 532 per

1065 548 1126 578 hoc
1141 548 1222 588 perit
1238 548 1326 586 fides,
1353 548 1479 579 devotio
1502 549 1533 578 et
1555 546 1746 586 reverentia,
1769 555 1843 587 quae

1065 601 1204 632 habetur
1223 601 1253 632 in
1281 601 1402 632 Sanctis
1426 601 1478 642 (a),
1496 601 1522 631 si
1538 601 1572 632 in
1587 599 1724 632 dubium
1750 608 1843 631 revo-

1066 657 1178 687 centur
1192 657 1307 687 caetera
1325 664 1399 696 quze
1412 657 1585 686 narrantur
1598 655 1636 686 de
1657 654 1744 695 ipsis.
1757 654 1842 686 Rur-

1066 719 1140 749 sus,
1169 710 1194 741 si
1224 709 1379 741 miracula
1409 718 1483 749 quae
1512 709 1655 740 fecerunt
1679 718 1743 740 non
1771 709 1846 739 sunt

1066 764 1248 796 testimonia
1277 764 1416 794 efficacia
1443 763 1482 794 ad
1508 763 1708 794 sanctitatem
1732 771 1845 795 eorum

1067 818 1289 856 astruendam,
1312 817 1448 848 stultizat
1470 817 1564 848 hodie
1593 816 1746 854 Ecclesia,
1771 826 1845 857 quae

1066 871 1195 910 propter
1205 869 1385 901 testimonia
1401 868 1631 900 miraculorum
1644 868 1775 900 Sanctos
1790 878 1843 899 ca-

1066 924 1205 962 nonizat,
1222 925 1252 954 et
1264 923 1410 963 catalogo
1423 923 1613 955 Sanctorum
1628 923 1766 954 ascribit.
1783 922 1846 954 Po-

1067 979 1186 1009 stremo
1201 977 1273 1018 quis
1287 987 1432 1018 unquam
1443 977 1577 1015 audivit,
1592 977 1676 1018 quod
1692 977 1774 1008 Deus
1790 986 1849 1018 per

1067 1032 1172 1062 furem
1187 1041 1302 1072 panem
1315 1032 1426 1063 furtim
1441 1033 1607 1072 acceptum
1619 1031 1849 1071 multiplicaret

1068 1086 1107 1117 ad
1121 1086 1258 1118 aliorum
1275 1086 1431 1117 salutem?
1445 1086 1638 1117 Audivimus
1661 1088 1769 1116 tamen
1793 1093 1852 1126 per

1068 1141 1253 1172 mendicum
1272 1149 1458 1180 pauperem,
1471 1149 1598 1180 panem,
1618 1149 1715 1180 quem
1731 1139 1852 1170 mendi-

1068 1195 1168 1226 cando
1192 1194 1410 1235 acquisierat,
1444 1194 1664 1234 multipliciter
1689 1203 1851 1233 augmen-

1069 1251 1161 1280 tasse.
1184 1249 1272 1287 Quod
1289 1249 1315 1279 si
1333 1249 1418 1280 dicas
1433 1248 1493 1279 hoc
1510 1248 1643 1289 speciale
1669 1248 1765 1279 fuisse
1785 1248 1851 1288 pri-

1071 1303 1239 1343 vilegium,
1253 1305 1283 1334 et
1292 1302 1440 1333 familiari
1455 1302 1562 1334 Sancti
1574 1302 1710 1343 Spiritus
1721 1302 1852 1333 consilio

1069 1366 1136 1388 esse
1160 1357 1290 1394 factum,
1314 1356 1474 1397 quomodo
1499 1357 1559 1387 1100
1582 1356 1652 1387 aliis
1671 1356 1800 1387 tradidit
1819 1356 1853 1387 in

1068 1411 1177 1451 legem
1188 1414 1218 1442 et
1234 1411 1394 1451 regulam,
1410 1411 1443 1441 in
1456 1420 1520 1451 qua
1530 1420 1584 1442 eos
1598 1410 1638 1441 ad
1649 1410 1854 1441 mendicatio-

1069 1474 1144 1496 nem
1160 1465 1288 1504 invitat,
1306 1465 1332 1495 si
1347 1465 1405 1495 sibi
1421 1464 1479 1495 soli
1494 1474 1552 1505 pro
1567 1474 1600 1495 se
1613 1464 1680 1495 solo
1691 1465 1738 1495 est
1753 1464 1853 1504 inspi-

1069 1520 1162 1550 rata?
1179 1518 1211 1550 Si
1226 1519 1323 1558 dicas,
1342 1519 1427 1559 quod
1447 1528 1488 1550 ex
1503 1519 1632 1559 proprio
1652 1518 1764 1559 capite,
1787 1527 1854 1549 non

1069 1583 1126 1614 per
1141 1574 1395 1614 inspirationem,
1410 1573 1572 1614 quomodo
1587 1582 1653 1604 non
1668 1575 1770 1613 potest
1784 1583 1854 1604 esse

1070 1628 1253 1665 damnatus,
1280 1628 1336 1668 qui
1361 1628 1399 1658 ad
1424 1630 1530 1659 actum
1554 1627 1851 1668 reprehensibilem,

1069 1683 1224 1722 tanquam
1254 1682 1292 1712 ad
1313 1683 1419 1714 actum
1448 1681 1558 1719 moris,
1583 1683 1614 1712 et
1638 1681 1851 1721 perfectionis,

1069 1736 1237 1767 temerarie
1257 1736 1429 1767 invitavit?
1447 1735 1612 1773 Quomodo
1636 1736 1731 1766 etiam
1756 1735 1854 1767 Sedes

1071 1789 1214 1820 Romana
1237 1790 1275 1821 de
1296 1799 1451 1820 consensu
1475 1789 1689 1820 Cardinalium
1713 1789 1773 1820 hoc
1795 1799 1851 1830 ap-

1071 1844 1239 1884 probavit?
1256 1844 1344 1881 Quod
1356 1844 1382 1874 si
1394 1844 1477 1874 dicas
1492 1843 1553 1874 1100
1566 1852 1631 1874 11011
1642 1852 1711 1874 esse
1726 1843 1854 1874 creden-

1071 1898 1161 1936 dum,
1178 1898 1262 1938 quod
1280 1897 1515 1928 mendicitatem
1538 1897 1632 1928 alicui
1655 1897 1798 1938 imponat
1820 1898 1853 1928 in

1070 1961 1214 1993 poenam,
1241 1952 1291 1983 vel
1317 1952 1402 1992 quod
1423 1953 1576 1992 approbet
1601 1961 1657 1992 pro
1680 1952 1796 1992 regula
1821 1954 1853 1984 et

1069 2007 1136 2039 vita
1157 2010 1263 2037 saneta
1279 2017 1286 2036 :
1306 2005 1392 2046 quod
1408 2006 1644 2037 mendicitatem
1662 2007 1850 2046 peregrina-

1069 2060 1165 2091 tionis
1180 2060 1333 2100 imponat,
1348 2060 1484 2090 habetur
1499 2059 1535 2092 cle
1549 2061 1744 2100 paem'lencz'a
1752 2062 1774 2100 2,
1793 2061 1849 2092 ubi

1072 2114 1188 2145 dicitur
1203 2114 1241 2145 de
1256 2114 1417 2144 sacerdote
1437 2113 1491 2153 qui
1512 2114 1673 2145 revelabat
1686 2115 1852 2146 confessio-

1072 2177 1141 2205 nes,
1158 2168 1243 2208 quod
1264 2168 1478 2205 «deponatur,
1495 2169 1526 2198 et
1538 2168 1627 2198 omni
1644 2170 1788 2208 tempore
1805 2168 1852 2199 vi-

1070 2224 1111 2252 tae
1138 2231 1206 2252 suae
1241 2221 1478 2261 ignominiosus
1514 2221 1748 2261 peregrinando
1777 2231 1850 2262 per-

1071 2278 1126 2315 gat
1133 2287 1140 2314 3
1157 2287 1170 2304 n
1192 2276 1245 2306 sed
1261 2275 1288 2305 si
1302 2275 1426 2306 viveret
1445 2275 1483 2306 de
1498 2275 1606 2306 labore
1634 2275 1778 2313 honesto,
1799 2276 1851 2307 vel

1070 2330 1109 2361 de
1124 2330 1305 2369 sumptibus
1326 2328 1473 2369 propriis,
1500 2338 1565 2360 non
1589 2332 1737 2369 pergeret
1752 2331 1787 2360 ut
1802 2329 1851 2361 vi-

1070 2384 1118 2422 lis,
1136 2383 1189 2414 sed
1205 2383 1310 2423 potius
1324 2385 1360 2413 ut
1377 2383 1583 2413 honorabilis.
1609 2383 1713 2413 Restat
1732 2383 1833 2422 igitur
1839 2407 1849 2422 ,

1071 2437 1155 2477 quod
1166 2437 1311 2477 imponit,
1324 2437 1409 2477 quod
1420 2437 1513 2467 vadat
1525 2439 1560 2467 ut
1571 2437 1743 2467 mendicus.
1759 2436 1852 2474 Quod

1071 2494 1178 2522 autem
1196 2500 1252 2531 pro
1274 2491 1390 2530 regula
1408 2491 1570 2530 approbet,
1587 2492 1672 2530 patet
1695 2500 1751 2530 per
1773 2491 1852 2522 illud

1071 2545 1225 2585 scriptum
1245 2545 1392 2585 superius
1414 2544 1589 2583 allegatum
1609 2544 1648 2575 de
1670 2544 1852 2578 excessibus

1068 2599 1286 2638 praelatorum,
1301 2599 1408 2631 Nimis
1419 2606 1534 2638 prava,
1551 2598 1606 2628 ubi
1621 2598 1747 2636 dicitur,
1765 2597 1851 2637 quod

1076 2651 1251 2682 «Ordinem
1268 2653 1299 2681 et
1314 2650 1469 2689 Regulam
1484 2649 1733 2680 Praedicatorum
1748 2651 1778 2679 et
1793 2648 1852 2679 Mi-

1104 2713 1139 2745 (α)
1156 2713 1212 2744 Leq.
1229 2714 1345 2744 Sanctos,
1363 2712 1400 2736 vel
1413 2712 1513 2737 Sanctis
1528 2712 1580 2736 sine
1594 2712 1780 2744 praepositione.
