2029 3052
849 257 976 291 CAPUT
997 258 1034 290 Xl
1043 258 1049 289 Ι
1058 258 1078 290 l.

156 327 285 368 chaelis,
310 327 471 360 descendit
488 326 652 368 angelicus
673 327 726 358 vir
745 327 933 358 Franciscus

155 382 195 414 de
212 384 332 422 monte,
357 391 464 414 secum
477 381 580 412 ferens
606 380 753 412 Crucifixi
775 381 931 420 effigiem,

154 445 221 469 non
247 437 280 468 in
302 436 419 468 tabulis
447 434 577 476 lapideis
605 434 657 466 vel
688 434 804 474 ligneis
831 443 932 465 manu

153 490 331 531 figuratam
346 489 488 528 artificis,
504 488 557 520 sed
578 488 612 520 in
635 489 758 519 carneis
783 488 932 519 membris

153 543 342 584 descriptam
357 543 460 583 digito
477 542 530 574 Dei
549 542 627 574 vivi.
651 542 689 573 Et
703 542 855 583 quoniam
877 550 932 574 sa-

152 600 352 630 aramentum
367 597 462 637 Reyis
486 596 672 629 abscondere
694 596 807 629 bonam
840 599 887 628 est
910 597 930 634 ¹,

151 649 223 681 ideo
248 650 359 682 secreti
383 649 502 690 regalis
530 649 578 682 vir
598 650 744 681 conscius
766 649 932 690 signacula

152 703 207 735 illa
237 712 327 735 sacra
351 713 409 744 pro
432 703 556 735 viribus
579 703 766 735 occultabat.
793 703 929 742 Verum,

152 757 229 797 quia
242 757 297 788 Dei
311 759 358 789 est
371 757 410 789 ad
432 757 570 796 gloriam
587 766 679 788 suam
695 766 816 796 magua
838 766 929 788 reve—

151 810 217 842 lare
232 820 306 851 quae
328 811 402 842 facit
425 810 590 850 Dominus,
613 811 697 851 ipse,
723 811 799 851 quia
819 810 928 850 signa-

150 863 223 895 cula
235 863 290 895 illa
304 866 422 896 secrete
438 864 652 904 impresserat,
671 864 826 895 miracula
840 873 930 904 quae-

150 916 224 948 dam
239 919 345 958 aperte
359 927 416 958 per
436 918 505 958 ipsa
523 918 724 956 monstravit,
744 919 781 948 ut
800 917 929 948 illorum

150 970 273 1002 occulta
297 973 329 1002 et
350 971 431 1002 mira
451 971 500 1002 vis
526 971 735 1011 stigmatum,
761 971 931 1002 manifesta

150 1025 273 1063 pateret
289 1024 431 1056 claritate
446 1025 626 1064 signorum.

191 1077 228 1108 In
243 1079 408 1119 provincia
422 1088 563 1119 namque
579 1078 710 1109 Reatina
725 1078 821 1118 pestis
834 1078 929 1110 inva-

149 1129 252 1162 luerat
264 1131 357 1163 valde
373 1132 493 1172 gravis,
518 1141 592 1172 quae
607 1141 682 1164 oves
702 1133 733 1162 et
746 1132 844 1162 boves
859 1141 929 1162 om-

149 1194 206 1216 nes
220 1185 265 1216 sic
280 1187 487 1218 consumebat
502 1186 683 1223 crudeliter,
699 1186 783 1226 quod
800 1186 928 1217 nullum

149 1240 272 1278 poterat
286 1240 464 1271 remedium
482 1240 637 1271 adhiberi.
661 1239 716 1270 Vir
735 1241 843 1270 autem
857 1240 929 1279 qui-

148 1291 223 1323 dam
238 1293 354 1324 timens
373 1293 474 1324 Deum
496 1295 587 1324 nocte
611 1293 672 1323 fuit
692 1301 747 1332 per
771 1293 928 1323 visionem

148 1346 380 1385 commonitus,
405 1348 443 1377 ut
470 1347 510 1378 ad
542 1346 761 1377 eremitorium
791 1346 927 1377 fratrum

148 1398 334 1430 festinanter
359 1400 530 1438 accederet,
555 1402 586 1431 et
608 1400 748 1430 loturam
770 1409 928 1430 manuum

149 1461 185 1483 ac
211 1453 469 1493 pedum-famuli
493 1453 547 1484 Dei
575 1453 745 1491 Francisci,
771 1453 827 1493 qui
853 1455 928 1483 tunc

148 1506 301 1546 temporis
318 1507 504 1537 morabatur
523 1506 653 1545 ibidem,
677 1508 849 1546 acceptam,
873 1516 926 1538 su-

148 1568 205 1599 per
217 1560 370 1590 animalia
384 1562 499 1591 cuncta
521 1562 732 1600 respergeret.
750 1559 842 1590 Mane
866 1560 927 1591 ita-

148 1622 212 1653 que
226 1622 365 1653 surgens
380 1614 468 1645 venit
483 1614 523 1645 ad
537 1613 655 1652 locum,
671 1613 840 1653 loturaque
861 1614 925 1644 hu-

144 1667 290 1706 jusmodi
329 1676 387 1707 per
423 1667 523 1698 socios
558 1667 657 1698 sancti
693 1667 756 1698 viri
792 1667 927 1698 latenter

148 1719 288 1757 obtenta,
304 1729 381 1751 oves
395 1722 426 1751 et
441 1720 539 1752 boves
554 1721 744 1760 languentes
758 1730 799 1751 ex
815 1730 852 1751 ea
863 1730 926 1751 res-

147 1772 254 1812 persit.
277 1773 420 1805 Mirabile
448 1774 551 1805 dictu!
584 1775 690 1805 statim
719 1776 754 1804 ut
785 1775 926 1814 aspersio

147 1826 357 1858 animalialan
362 1828 471 1867 guida,
486 1828 558 1858 etin
573 1830 658 1858 terra
668 1828 817 1867 picentia,
827 1837 926 1867 quan-

146 1881 358 1920 tumcumque
380 1881 547 1921 paululum
570 1881 762 1920 attingebat,
792 1882 925 1920 pristino

146 1936 333 1974 recuperato
357 1934 483 1974 vigore,
509 1935 685 1974 surgebant
706 1935 872 1974 continuo,
894 1939 925 1967 et

145 1988 298 2026 tanquam
323 1988 405 2018 nihil
429 1988 503 2018 mali
531 1988 720 2026 sensissent,
745 1988 784 2019 ad
808 1998 924 2028 pascua

145 2039 344 2071 festinabant.
363 2041 478 2081 Sicque
493 2042 611 2073 sactum
629 2044 687 2079 est,
703 2043 740 2072 ut
753 2051 809 2082 per
823 2043 923 2074 virtu-

145 2095 209 2124 tem
224 2094 403 2125 mirandam
424 2105 516 2136 aquae
529 2096 626 2134 illius,
643 2105 717 2136 quae
736 2106 841 2127 sacras
854 2097 921 2136 pla-

144 2156 202 2187 gas
218 2149 408 2188 contigerat,
427 2151 533 2181 omnis
555 2160 686 2190 prorsus
707 2151 804 2191 plaga
815 2161 921 2182 cessa-

144 2203 202 2240 ret,
223 2202 437 2243 pestilensque
457 2205 590 2235 morbus
609 2214 627 2235 a
650 2205 807 2244 gregibus
826 2206 919 2245 fuga-

143 2256 242 2285 retur.
275 2255 361 2286 Circa
386 2258 554 2296 praefatum
580 2260 723 2289 montem
750 2258 918 2297 Alvernae,

144 2310 315 2348 antequam
324 2309 375 2340 vir
385 2313 513 2341 sanctus
522 2312 564 2342 ibi
574 2313 916 2352 contraheretmoram,

142 2361 228 2392 nube
254 2371 294 2392 ex
322 2363 391 2402 ipso
423 2366 531 2395 monte
558 2368 727 2404 surgente,
753 2366 920 2405 grandinis

141 2414 282 2446 violenta
293 2417 464 2456 tempestas
487 2418 608 2449 fructus
630 2421 723 2450 terrae
747 2422 919 2451 consuetu-

141 2468 265 2499 dinarie
284 2469 480 2502 devastabat.
507 2472 567 2503 Sed
589 2475 659 2512 post
676 2473 764 2503 illam
789 2474 919 2514 appari-

142 2521 262 2552 tionem
286 2523 421 2563 felicem,
440 2534 505 2556 non
531 2525 598 2556 sine
620 2526 795 2557 incolarum
815 2527 917 2557 admi-

141 2575 277 2615 ratione,
299 2578 421 2616 grando
443 2579 593 2617 cessavit,
618 2581 655 2610 ut
676 2579 812 2610 coelestis
834 2579 919 2610 illius

143 2629 272 2661 visionis
286 2632 517 2672 excellentiam,
539 2636 569 2664 et
588 2634 781 2673 stigmatum
799 2634 918 2664 ibidem

141 2681 371 2723 impressorum
384 2686 547 2725 virtutem,
566 2688 702 2718 serenati
716 2689 831 2727 praeter
847 2696 915 2718 mo-

173 2746 180 2762 ¹
199 2746 264 2777 Tob.‚
282 2754 332 2779 xu,
347 2750 370 2772 7.

1710 271 1768 301 339

989 335 1057 356 rem
1069 326 1136 366 ipsa
1150 327 1219 359 coeli
1233 329 1327 361 facies
1340 330 1525 363 declararet.
1538 331 1677 374 Contigit
1691 346 1767 377 quo-

988 388 1051 418 que
1063 388 1138 410 eum
1160 382 1302 422 tempore
1321 383 1463 424 hiemali,
1479 388 1610 426 propter
1626 388 1767 422 debilita-

988 434 1052 463 tem
1060 434 1201 474 corporis
1209 438 1240 466 et
1255 437 1458 477 asperitatem
1473 439 1613 479 viarum,
1626 441 1767 475 hominis

988 486 1084 517 unius
1098 489 1247 528 pauperis
1269 490 1460 523 subvectum
1478 493 1584 532 asello,
1607 495 1667 526 sub
1679 497 1767 537 rupis

987 541 1155 580 cujusdam
1169 543 1378 582 prominentis
1399 549 1582 585 pernoctare
1606 549 1647 589 (a)
1664 551 1765 591 crepi-

987 593 1071 632 dine,
1085 596 1119 625 ut
1132 595 1215 627 nivis
1226 598 1258 627 et
1266 598 1366 629 noctis
1377 602 1673 640 supervenientium
1685 614 1768 645 quo-

987 656 1051 687 quo
1081 648 1175 680 modo
1202 649 1373 683 declinaret
1401 653 1602 687 incommoda
1613 681 1620 694 ,
1648 658 1768 698 quibus

987 702 1191 742 praepedituS,
1208 704 1247 735 ad
1267 705 1396 745 hospitii
1412 707 1517 739 locum
1542 718 1607 741 non
1622 711 1769 744 valuerat

987 756 1166 795 pervenire.
1183 756 1262 788 Cum
1276 761 1384 790 autem
1398 760 1448 791 vir
1461 764 1587 793 sanctus
1602 763 1767 797 hominem

986 808 1078 840 illum
1093 811 1274 850 querulosis
1297 813 1620 852 submurmurantem,
1639 819 1768 857 gemiti-

987 862 1048 892 bus
1063 863 1138 894 hinc
1154 864 1226 896 inde
1240 866 1379 906 seipsum
1393 868 1515 907 Jactare
1531 870 1689 911 sensisset,
1703 875 1769 904 tan-

986 924 1083 954 quam
1099 917 1155 956 qui
1171 919 1259 949 tenui
1274 920 1472 959 operimento
1488 925 1648 955 contectus
1663 926 1768 965 quies-

986 976 1055 999 cere
1070 978 1136 1009 prae
1148 970 1278 1010 frigoris
1292 973 1463 1006 acerbitate
1478 976 1646 1016 nequibat,
1665 978 1767 1009 divini

986 1022 1104 1053 amoris
1118 1023 1244 1056 fervore
1267 1035 1450 1066 succensus,
1467 1038 1565 1060 manu
1581 1030 1674 1061 illum
1695 1041 1768 1072 pro-

986 1076 1075 1106 tensa
1090 1076 1241 1116 palpavit.
1258 1078 1400 1111 Mirabile
1414 1084 1512 1113 certet
1531 1086 1662 1123 repente
1678 1085 1715 1125 (b)
1732 1086 1768 1116 il-

984 1128 1046 1159 lius
1058 1139 1157 1161 sacrae
1174 1140 1287 1164 manus
1304 1137 1500 1175 contactum,
1520 1146 1594 1177 quae
1610 1140 1766 1179 seraphici

985 1182 1095 1213 calculi
1117 1185 1249 1223 gerebat
1263 1186 1459 1227 incendium,
1474 1190 1562 1221 omni
1582 1192 1696 1231 fugato
1714 1194 1767 1224 fri-

986 1244 1076 1274 gore,
1090 1238 1197 1268 tantus
1211 1238 1244 1269 in
1258 1239 1366 1271 virum
1380 1241 1466 1273 intus
1480 1245 1510 1274 et
1520 1246 1610 1275 extra
1619 1246 1703 1277 calor
1714 1248 1766 1278 ad-

984 1290 1082 1327 venit,
1101 1300 1138 1321 ac
1154 1291 1180 1321 si
1194 1293 1342 1332 quaedam
1358 1295 1389 1325 in
1405 1304 1481 1326 eum
1495 1297 1544 1328 vis
1559 1298 1709 1331 flammea
1724 1311 1765 1332 ex

983 1343 1120 1374 fornacis
1134 1345 1296 1384 spiraculo
1312 1349 1527 1387 processisset.
1546 1351 1626 1383 Nam
1642 1354 1724 1385 illico
1734 1358 1766 1386 et

984 1399 1090 1428 mente
1103 1400 1133 1428 et
1151 1407 1283 1439 corpore
1306 1401 1512 1441 confortatuS,
1531 1407 1663 1437 suavius
1683 1408 1765 1440 inter

983 1459 1059 1481 saxa
1074 1455 1104 1482 et
1120 1452 1209 1483 nives
1234 1463 1336 1494 usque
1362 1465 1455 1488 mane
1479 1458 1643 1499 dormivit,
1664 1471 1762 1502 quam

984 1513 1129 1544 unquam
1144 1505 1176 1536 in
1196 1508 1326 1546 proprio
1346 1508 1427 1541 lecto
1451 1517 1653 1553 pausaverat,
1680 1517 1763 1548 sicut

983 1557 1050 1596 ipse
1089 1560 1292 1598 postmodum
1321 1564 1491 1596 asserebat.
1528 1566 1626 1598 Certis
1653 1569 1761 1610 itaque

983 1614 1104 1642 constat
1129 1613 1269 1653 indiciis,
1296 1625 1385 1647 sacra
1411 1618 1465 1649 illa
1486 1619 1653 1659 signacula
1676 1624 1761 1655 illius

982 1664 1138 1704 impressa
1152 1666 1249 1698 fuisse
1265 1669 1394 1708 virtute,
1411 1672 1466 1711 qui
1478 1674 1663 1712 operatione
1677 1686 1760 1708 sera-

983 1718 1075 1756 ptiica
1090 1723 1223 1759 purgat,
1246 1721 1407 1754 illuminat
1421 1727 1452 1755 et
1472 1726 1665 1768 inflammat,
1685 1739 1758 1762 cum

981 1771 1050 1811 ipsa
1063 1773 1237 1805 forinsecus
1250 1778 1462 1815 expurgando
1477 1789 1495 1809 a
1508 1783 1595 1819 peste
1610 1783 1758 1824 salutem,

981 1826 1184 1857 serenitatem
1206 1830 1237 1858 et
1261 1830 1396 1861 calorem
1412 1834 1601 1872 corporibus
1620 1837 1759 1870 efficacia

982 1878 1063 1909 mira
1079 1880 1267 1920 conferrent,
1293 1883 1374 1914 sicut
1394 1887 1425 1915 et
1447 1889 1515 1925 post
1536 1892 1671 1921 mortem
1695 1893 1759 1923 evi-

981 1931 1178 1963 dentioribus
1194 1937 1241 1965 est
1255 1935 1507 1970 demonstratum
1528 1943 1684 1982 prodigiis
1699 1955 1758 1977 suo

979 1984 1048 2016 loco
1068 1987 1223 2026 posterius
1245 1991 1444 2022 annotandis.
1479 1992 1547 2033 Ipse
1569 2004 1656 2035 vero,
1684 1998 1758 2031 licet

980 2038 1168 2070 thesaurum
1185 2040 1355 2074 inventum
1369 2044 1403 2075 in
1417 2055 1497 2085 agro
1514 2049 1613 2080 multa
1624 2051 1758 2091 diligen-

979 2092 1023 2122 tia
1046 2094 1187 2125 studeret
1208 2096 1419 2136 abscondere,
1442 2099 1538 2132 latere
1560 2104 1665 2134 tamen
1692 2115 1756 2137 non

978 2147 1092 2185 potuit,
1111 2148 1190 2187 quin
1209 2149 1307 2189 aliqui
1329 2152 1479 2190 stigmata
1500 2164 1657 2188 manuum
1672 2159 1756 2191 vide-

978 2202 1048 2230 rent
1071 2203 1102 2231 et
1134 2201 1271 2241 pedum,
1306 2213 1493 2245 quanquam
1521 2217 1638 2241 manus
1664 2214 1755 2252 quasi

978 2262 1103 2294 semper
1128 2258 1268 2294 portaret
1303 2261 1476 2299 contectas,
1504 2265 1534 2293 et
1556 2265 1688 2303 pedihus
1715 2277 1755 2298 ex

977 2310 1053 2339 tunc
1064 2309 1223 2340 incederet
1236 2310 1390 2344 calceatis.
1404 2314 1557 2348 Viderunt
1568 2319 1665 2359 enirn,
1678 2321 1754 2352 dum

978 2362 1115 2399 viveret,
1142 2363 1254 2394 fratres
1279 2365 1427 2406 plurimi,
1456 2371 1512 2409 qui
1537 2371 1608 2402 licet
1631 2379 1751 2414 essent,

977 2418 1106 2455 propter
1137 2417 1336 2449 sanctitatem
1366 2422 1582 2462 praecipuam,
1605 2427 1664 2457 viri
1699 2438 1755 2468 per

976 2469 1086 2499 omnia
1098 2469 1159 2500 tide
1181 2469 1282 2509 digni,
1308 2474 1416 2504 tamen
1437 2476 1474 2506 ad
1501 2486 1595 2509 omne
1620 2480 1753 2512 dubium

976 2523 1204 2561 amovendum,
1227 2524 1272 2554 sic
1299 2534 1378 2565 esse,
1401 2537 1437 2558 ac
1459 2539 1492 2560 se
1516 2531 1641 2570 vidisse,
1662 2536 1755 2566 tactis

976 2576 1195 2613 sacrosanctiS,
1204 2577 1390 2616 juramento
1403 2582 1584 2615 firmarunt.
1600 2585 1755 2620 Viderunt

976 2630 1072 2660 etiam
1083 2639 1123 2660 ex
1135 2630 1358 2672 familiaritate,
1372 2644 1469 2674 quam
1483 2646 1556 2668 cum
1569 2639 1638 2671 viro
1647 2645 1754 2674 sancto

975 2683 1145 2721 habebant,
1158 2684 1258 2724 aliqui
1269 2685 1457 2728 Cardinales,
1471 2690 1579 2722 laudes
1589 2702 1753 2727 sacrorum

1010 2746 1041 2775 (ιι)
1060 2745 1119 2769 Cret.
1136 2745 1195 2770 edit.
1212 2750 1382 2777 pernoctaret.
1396 2763 1425 2768 --
1436 2751 1466 2782 (b)
1479 2753 1567 2784 Suppl.
1579 2755 1619 2778 ad.
