2029 3052
229 263 289 292 476

229 337 267 359 eo
282 327 428 360 videlieet
441 327 550 368 impia,
568 327 646 369 quia
659 328 686 359 si
701 327 873 360 mobilium
892 329 924 360 et
941 328 1006 360 im·

229 380 398 412 mobilium
422 381 603 413 eommunis
631 383 788 422 possessio
817 391 882 414 non
911 382 1005 414 dimi-

229 435 322 473 nuit,
346 435 399 467 sed
423 435 527 476 potius
549 435 697 476 complet,
718 437 773 477 qui
799 446 864 467 non
885 436 1006 474 valent,

229 498 289 521 nec
313 489 426 521 volunt
446 489 516 520 haec
537 489 696 529 possidere
719 490 919 529 communia,
938 499 1009 531 per-

229 543 302 574 fecti
314 551 382 574 esse
396 552 461 574 non
475 545 619 583 possunt.
632 543 766 584 Insuper
779 553 854 575 cum
865 543 1008 575 Christus

230 598 262 628 et
282 595 426 636 Apostoli
446 596 633 636 hujusmodi
656 598 870 638 possessiones
895 597 1010 628 immo-

230 651 310 683 biles
333 660 400 682 non
419 651 609 691 habuerint,
635 653 784 693 sequitur
805 653 837 683 iu
857 653 902 684 eis
923 652 1009 693 quod

231 707 462 736 consummatae
499 705 698 746 perfectionis
729 706 915 746 exemplum
944 715 1010 736 nou

231 758 359 790 effulsit.
377 758 525 790 inefficax
538 769 628 798 vero,
641 759 716 800 quia
730 760 763 790 in
778 760 896 791 eisdem
911 759 1009 790 ratio-

230 812 327 843 nibus
349 814 451 853 potest
473 813 570 844 etiam
591 813 708 853 aliquis
729 813 830 844 laicus
855 815 1011 844 uxoratus

230 866 316 898 bona
333 876 392 898 sua
413 866 570 905 retinere,
594 867 731 905 scilicet,
762 869 799 898 ut
824 867 1008 908 prudenter,

228 920 332 960 juste,
349 919 603 958 misericorditer,
622 920 810 952 charitative
826 921 1010 952 ministran-

231 974 318 1005 tibus
334 972 457 1005 Christo
479 973 672 1013 subveniat,
696 974 736 1005 ad
765 974 894 1006 illorum
923 975 1012 1016 quie-

232 1029 308 1066 tem,
325 1030 356 1058 et
370 1027 506 1058 aliorum
529 1027 726 1068 exemplum,
742 1028 918 1059 secundum
934 1037 1011 1059 con-

232 1080 428 1112 formitatem
443 1090 626 1121 supernam,
643 1081 677 1112 in
693 1091 757 1122 qua
771 1083 818 1112 est
834 1082 1013 1113 communi-

233 1136 314 1167 catio
337 1135 429 1174 larga
452 1135 612 1166 honorum
627 1146 633 1166 :
649 1138 705 1166 aut
729 1135 832 1175 igitur
855 1135 928 1166 talis
953 1136 1012 1167 elit

234 1190 405 1231 perfectus,
417 1192 473 1220 aut
488 1190 619 1229 praet'ata
633 1189 712 1220 ratio
727 1189 847 1220 nullius
863 1190 1011 1221 csticaciae

233 1253 300 1275 esse
316 1243 527 1275 convincitur.
540 1243 698 1283 Amplius,
711 1244 793 1274 sicut
803 1244 1012 1275 ecclesiastica

232 1299 317 1330 bona
339 1298 421 1330 bene
442 1298 605 1329 utentibus
620 1300 695 1328 sunt
709 1298 842 1328 materia
857 1307 1011 1329 exercen-

233 1353 347 1384 darum
363 1353 533 1390 virtutum,
550 1352 594 1382 sic
610 1352 706 1382 etiam
722 1352 925 1383 abutentibus
938 1354 1012 1383 sunt

232 1407 411 1438 fomentum
452 1405 700 1436 multiformium
742 1406 988 1445 perversitatum
1002 1431 1010 1444 ‚

232 1463 342 1502 utpote
362 1461 595 1501 injustitiarum
609 1485 617 1498 ,
635 1460 834 1501 impietatum
851 1462 881 1491 ct
897 1470 1011 1491 carua-

232 1516 377 1553 litatum;
395 1524 453 1546 nec
478 1516 584 1545 tamon
609 1514 717 1545 inferri
749 1516 866 1554 potest,
886 1517 1013 1554 propter

232 1569 420 1609 hujusmodi
442 1569 598 1606 abusum,
616 1568 700 1608 quod
723 1569 806 1599 bona
826 1568 1012 1607 hujusmodi

232 1623 350 1654 hahere
366 1623 406 1654 sit
419 1623 556 1663 impium
571 1634 576 1654 :
596 1623 666 1663 pari
687 1623 808 1653 rationo
824 1622 931 1652 inferri
949 1631 1012 1652 non

233 1678 359 1718 poterit,
376 1677 461 1717 quod
479 1687 535 1717 per
551 1677 591 1715 (α)
608 1677 726 1707 bonam
747 1676 1013 1716 dispensationem

232 1731 393 1761 utentium
416 1740 453 1761 ea
472 1731 590 1761 habere
614 1731 654 1760 sit
681 1730 853 1769 perfeetum
879 1731 912 1759 in
930 1739 962 1759 so
984 1732 1014 1760 et

233 1785 375 1815 absoluto
386 1809 394 1822 ,
414 1785 465 1815 vel
488 1784 658 1824 perfectius
674 1793 772 1824 quam
788 1793 906 1814 carere.
924 1783 1013 1815 Unde

233 1841 264 1870 et
288 1839 342 1869 illa
366 1839 546 1877 conclusio,
563 1847 660 1879 quam
678 1840 747 1878 post
769 1838 1012 1877 explicationem

233 1893 394 1924 rationum
425 1893 672 1933 praedictarum,
702 1893 870 1932 inquibus
898 1892 1015 1922 multas

234 1946 447 1977 absurditates
463 1947 633 1984 interserit,
649 1948 803 1986 tauquam
821 1946 958 1976 finaliter
970 1947 1014 1976 iu-

235 2002 354 2030 tcntam
372 2000 552 2039 subjungit,
571 2000 690 2030 nullius
707 2003 751 2030 cst
769 2000 1011 2040 probabilitatis,

235 2054 289 2084 sed
312 2063 442 2093 magua³
468 2055 619 2094 perfidiae.
646 2054 697 2084 Ait
719 2054 805 2084 euim
820 2078 827 2090 ‚
848 2057 883 2084 ut
906 2054 1014 2084 verbis

235 2107 305 2146 eJus
321 2110 470 2138 utamur:
488 2107 566 2138 «llis
581 2108 684 2138 causis
703 2107 861 2147 pra‘dictis
877 2108 967 2145 forte,
985 2110 1015 2138 et

236 2159 306 2191 aliis
337 2170 408 2200 qua}
430 2170 448 2191 a
472 2161 669 2201 sapientibus
694 2163 826 2201 possunt
863 2161 1012 2198 inveniri,

237 2222 312 2244 curn
332 2214 418 2253 apice
436 2215 636 2254 perfectionis
654 2214 754 2254 (quod
772 2215 855 2244 eniui
869 2214 945 2244 citra
957 2217 1013 2252 est,

237 2267 457 2307 imperfectum
471 2269 544 2305 estl,
563 2269 645 2299 bona
666 2268 853 2307 tmupoxudia
872 2268 1014 2299 Ecclesia!

238 2330 257 2352 a
272 2322 416 2361 perfectis
431 2322 665 2361 virisprwcepit
676 2323 764 2359 licus,
774 2321 1014 2362 ctvoluitpossi-

239 2374 317 2405 [leri.
343 2385 357 2402 n
383 2374 417 2405 lu
441 2375 558 2415 quibus
581 2376 686 2406 verbis
712 2375 877 2405 manifeste,
902 2377 1014 2415 aperit,

239 2429 324 2469 quod
346 2431 541 2470 paupertatis
566 2430 761 2469 evangelica»
791 2430 1015 2470 perfectionem

239 2484 313 2514 totis
336 2483 460 2514 viribus
484 2484 651 2515 eliminare
671 2484 842 2514 contendit.
873 2484 905 2514 Si
930 2485 1015 2515 cuim

240 2538 426 2577 temporalia
448 2538 532 2568 hona
556 2537 702 2569 Ecclesiae
727 2538 886 2576 possidere,
906 2538 950 2568 sio
971 2541 1017 2569 cst

240 2592 424 2631 perfectum,
441 2595 475 2622 ut
493 2592 585 2629 dicit,
604 2594 639 2622 ut
653 2600 747 2622 omne
767 2592 851 2630 quod
872 2595 917 2622 est
939 2593 1017 2623 citra

242 2644 331 2682 illud,
348 2645 385 2674 sit
398 2646 629 2685 imperfectum,
648 2654 801 2685 pauperes
817 2645 918 2681 igitur
932 2646 1018 2676 ‹thri-

242 2698 296 2736 sti,
313 2698 369 2738 qui
388 2699 468 2729 nihil
493 2699 623 2729 omniuo
647 2698 804 2738 possidere
821 2699 946 2735 volunt,
964 2700 1018 2731 sed

276 2761 282 2776 ¹
298 2761 363 2786 Psat.
376 2763 544 2791 ch111,'t;'5.—
555 2762 562 2775 ²
571 2762 638 2792 Act„
649 2766 705 2791 vlit,
714 2761 1016 2793 20.-(u)Ley.1u·opter.

805 260 1018 294 APOLOGIAE
1041 260 1258 295 PAUPERUM

1060 330 1164 362 totum
1184 331 1280 371 dant,
1297 332 1336 363 ut
1357 331 1455 363 vidua
1477 331 1533 363 illa
1555 333 1766 374 paupercula,
1781 335 1840 366 aut

1061 383 1141 415 citra
1159 384 1248 416 hunc
1271 385 1472 425 perfectionis
1501 386 1626 427 apicem
1650 387 1838 426 consistunt,

1062 439 1094 469 et
1112 439 1191 469 tuuc,
1209 438 1407 480 imperfecti5
1423 441 1480 471 aut
1501 440 1586 471 ultra
1600 441 1790 481 procedunt,
1806 443 1838 473 et:

1062 493 1138 523 tunc
1160 493 1370 533 superstitiosi
1387 493 1488 534 impii.
1512 493 1546 526 Si
1568 495 1668 534 igitur
1691 495 1762 526 talis
1775 495 1838 527 fuit

1063 545 1216 584 Christu5‚
1238 545 1319 577 sicut
1341 549 1453 578 narrat
1477 547 1673 587 evangelicae
1697 549 1840 580 veritatis

1063 599 1208 638 historia,
1220 601 1252 631 et
1264 599 1473 640 perfectorum
1489 601 1671 633 testimonio
1683 604 1840 633 monstra-

1063 654 1133 684 tum
1148 655 1195 684 est
1206 663 1315 694 supra,
1331 654 1408 685 tales
1422 655 1518 686 etiam
1532 655 1665 687 fuerunt
1676 655 1837 696 Apostoli;

1064 707 1240 738 necessario
1264 707 1409 748 sequitur
1432 709 1608 740 seeundum
1629 709 1842 741 antichristia-

1064 770 1140 792 nam
1155 761 1344 800 doctrinam,
1361 762 1447 803 quod
1461 762 1604 794 Christus
1619 766 1650 794 et
1665 764 1736 804 ejus
1751 763 1840 794 disci-

1065 815 1142 856 puli,
1160 815 1211 846 vel
1219 816 1427 856 superstitiosi
1438 816 1568 855 fuerint,
1585 817 1636 847 vel
1650 817 1839 857 imperiecti.

1065 868 1216 910 Insuper,
1241 870 1267 900 si
1290 870 1359 900 liaec
1380 870 1567 910 temporalia
1591 870 1676 902 bona
1697 869 1842 902 Christus

1065 923 1216 964 praeeepit
1237 923 1389 963 possideri
1414 933 1434 954 a
1460 923 1538 954 viris
1566 924 1730 964 perfectis,
1760 924 1843 955 sicut

1065 977 1186 1015 asserit,
1203 977 1400 1017 quicumque
1412 985 1493 1016 crgo
1506 977 1706 1016 perfectionis
1720 978 1840 1008 statum

1065 1031 1266 1071 profitentur,
1279 1033 1306 1060 et
1320 1030 1389 1061 haee
1398 1030 1482 1061 hona
1489 1039 1553 1062 non
1565 1030 1736 1071 possident,
1743 1033 1845 1062 trans-

1066 1092 1225 1123 gressores
1240 1083 1340 1114 divini
1354 1084 1580 1124 praeceptiesse
1593 1084 1841 1116 convincuntur.

1067 1137 1154 1175 Quod
1179 1138 1205 1168 si
1229 1147 1343 1169 verum
1359 1141 1417 1176 est,
1435 1139 1547 1179 utique
1561 1138 1622 1169 dici
1638 1147 1701 1170 non
1719 1140 1843 1179 potest:

1066 1192 1159 1224 Beati
1179 1200 1337 1233 pauperes
1360 1193 1480 1233 spiritu
1494 1217 1501 1229 ‚
1525 1194 1679 1233 quoniam
1707 1195 1846 1225 vestrum

1066 1251 1114 1278 est
1134 1254 1265 1286 reanum
1282 1247 1354 1285 Dei,
1381 1255 1460 1277 uec:
1482 1246 1537 1278 Voe
1555 1246 1643 1278 vobis
1668 1246 1846 1286 clivitibus;

1067 1301 1118 1331 scd
1136 1301 1241 1340 potius
1259 1311 1265 1330 :
1284 1299 1338 1331 Vae
1356 1300 1446 1331 vobis
1468 1301 1675 1340 pauperibus,
1690 1303 1846 1341 tanquam

1069 1354 1202 1390 miseris,
1220 1354 1420 1394 imperfectis,
1438 1354 1563 1394 injustis
1578 1357 1608 1390 et
1620 1355 1744 1394 impiis;
1761 1355 1845 1386 beati

1068 1409 1198 1447 divitcs;
1215 1410 1330 1440 Beatus
1341 1409 1441 1440 etium
1452 1408 1587 1448 populus
1597 1409 1651 1440 cm·
1659 1408 1725 1441 hoec
1737 1412 1815 1441 sunt
1823 1409 1844 1448 ¹,

1068 1463 1137 1494 siue
1152 1463 1285 1502 quibus,
1303 1472 1360 1493 nec
1376 1463 1576 1502 perfectionis
1591 1472 1688 1503 apex,
1705 1472 1764 1494 nec
1780 1463 1847 1494 vir-

1069 1519 1120 1547 tus
1141 1516 1275 1555 justitiae
1291 1516 1487 1556 possidetur,
1504 1526 1579 1557 quae
1596 1517 1746 1557 perfectio
1764 1517 1848 1548 inter

1069 1571 1152 1601 dona
1176 1570 1230 1600 Dei
1253 1570 1356 1601 locum
1388 1570 1585 1611 praecipuum
1610 1573 1704 1601 tenet.
1733 1570 1849 1602 Caveat

1069 1624 1128 1654 sibi
1152 1624 1208 1664 qui
1231 1624 1388 1663 ejusmodi
1414 1624 1578 1654 seutentiae
1603 1627 1671 1663 est,
1689 1634 1728 1655 ne
1752 1633 1848 1664 super

1070 1688 1144 1709 cum
1169 1678 1347 1709 maledictio
1365 1677 1520 1718 Principis·
1535 1678 1751 1718 apostolorum
1763 1679 1848 1717 juste

1069 1732 1257 1770 descendat,
1275 1731 1462 1771 dicaturque
1485 1731 1544 1761 sibi
1564 1732 1574 1748 ²
1599 1743 1605 1762 :
1626 1731 1768 1764 Pecunia
1791 1735 1848 1764 lua

1071 1789 1171 1819 lecum
1185 1786 1276 1818 sitin
1291 1785 1516 1825 perditionem,
1533 1792 1566 1817 eo
1578 1785 1663 1825 quod
1678 1787 1848 1818 existima-

1069 1841 1115 1872 sci
1138 1840 1258 1871 donum
1283 1839 1340 1870 Det·
1367 1839 1504 1878 pecunia
1530 1838 1697 1878 possideri.
1730 1838 1847 1870 Mirum

1070 1897 1153 1924 certe
1170 1893 1330 1933 quomodo
1345 1893 1417 1932 quis
1431 1894 1532 1932 potest
1542 1892 1579 1922 ad
1597 1895 1717 1922 tautam
1731 1892 1846 1932 impie-

1071 1950 1167 1979 tatem
1184 1948 1347 1987 prosieere,
1364 1947 1402 1977 ad
1417 1949 1535 1976 tautam
1551 1946 1660 1977 venire
1676 1946 1845 1985 insaniam,

1070 2002 1109 2033 ad
1132 2004 1252 2032 tantam
1278 2010 1486 2041 p1·‹u·uuipi=re
1511 2001 1706 2038 fatuitatem,
1724 2003 1759 2031 ut
1773 2010 1846 2031 cum

1071 2056 1213 2086 Christus
1228 2055 1305 2085 viris
1321 2055 1466 2094 perfectis·
1487 2054 1617 2084 suade-at
1639 2054 1747 2085 omnia
1769 2063 1846 2084 ven-

1071 2109 1144 2139 dere
1157 2111 1189 2139 et
1201 2109 1274 2139 dare
1298 2108 1491 2148 pauperibus
1504 2131 1511 2145 ‚
1532 2108 1756 2147 praecipiatque
1771 2117 1846 2148 apo-

1071 2163 1170 2200 stolis,
1186 2164 1221 2193 ut
1236 2172 1292 2192 nec
1312 2171 1430 2201 peram,
1444 2171 1500 2192 uec
1513 2161 1678 2201 pecuniam
1690 2161 1800 2191 tollant
1815 2161 1848 2192 in

1073 2217 1123 2247 via
1135 2240 1142 2253 ,
1166 2226 1223 2246 nec
1239 2225 1373 2251 aurum,
1390 2224 1449 2246 uec
1464 2217 1635 2253 argentum
1658 2215 1848 2255 possideant,

1071 2280 1088 2301 e
1104 2270 1263 2301 contrario
1286 2269 1401 2300 audeat
1421 2269 1523 2299 dicere
1540 2271 1733 2309 praa-epum]
1749 2278 1817 2299 csse
1831 2278 1850 2300 a

1074 2325 1134 2355 lleo
1164 2324 1241 2354 viris
1270 2323 1415 2363 perfectis
1454 2322 1643 2362 temporalia
1680 2322 1848 2362 possidere.

1074 2379 1177 2416 Quam
1190 2387 1264 2408 vero
1279 2377 1419 2407 absurda
1429 2377 1579 2415 dogmata
1594 2376 1756 2407 conclusio
1770 2384 1849 2416 prae-

1074 2433 1136 2463 sata
1161 2431 1330 2469 contiueat,
1351 2440 1389 2461 ex
1413 2431 1512 2470 ipsius
1532 2430 1637 2460 verbis
1657 2429 1795 2466 elicitur,
1810 2437 1850 2459 ex

1073 2487 1191 2526 quibus
1203 2486 1341 2515 affirmat
1351 2494 1445 2515 omue
1459 2484 1541 2524 quod
1555 2483 1636 2514 iufra
1651 2482 1849 2522 perfectionis

1074 2540 1195 2580 apicem
1220 2541 1277 2576 est,
1296 2548 1363 2568 esse
1379 2538 1611 2577 imperfectum.
1629 2536 1661 2566 si
1678 2543 1762 2574 apel·
1776 2535 1852 2566 dicit

1074 2602 1234 2624 summam
1248 2593 1291 2622 rei
1304 2592 1438 2631 alicujils
1453 2593 1629 2621 extremam
1641 2588 1850 2626 etexcelmm,

1075 2650 1104 2678 et
1128 2647 1249 2687 apicem
1271 2646 1419 2686 perfectio
1440 2645 1554 2680 habet,
1580 2642 1702 2682 aliquid
1718 2645 1764 2672 est
1780 2651 1851 2682 per-

1075 2700 1218 2730 fectiouis
1241 2700 1318 2729 citra
1345 2699 1466 2738 apicem
1487 2698 1577 2736 ejus:
1596 2696 1658 2726 duo
1673 2705 1754 2735 ergo
1774 2705 1853 2726 con-

1077 2753 1173 2785 traria
1189 2753 1285 2784 simul
1300 2752 1390 2790 dicit,
1408 2759 1482 2781 cum
1504 2749 1615 2780 asserit
1629 2749 1852 2790 perfectionem
