<?xml version="1.0" encoding="UTF-8"?>
<!DOCTYPE html PUBLIC "-//W3C//DTD XHTML 1.0 Transitional//EN"
    "http://www.w3.org/TR/xhtml1/DTD/xhtml1-transitional.dtd">
<html xmlns="http://www.w3.org/1999/xhtml" xml:lang="en" lang="en">
 <head>
  <title>
</title>
<meta http-equiv="Content-Type" content="text/html;charset=utf-8" />
  <meta name='ocr-system' content='tesseract 3.04.00' />
  <meta name='ocr-capabilities' content='ocr_page ocr_carea ocr_par ocr_line ocrx_word'/>
</head>
<body>
  <div class='ocr_page' id='page_1' title='image "./operaomniasixtiv14bonauoft/operaomniasixtiv14bonauoft_0058.png"; bbox 0 0 2060 3052; ppageno 0'>
   <div class='ocr_carea' id='block_1_1' title="bbox 225 1131 306 1153">
    <p class='ocr_par' dir='ltr' id='par_1_1' title="bbox 225 1131 306 1153">
     <span class='ocr_line' id='line_1_1' title="bbox 225 1131 306 1153; baseline 0 0"><span class='ocrx_word' id='word_1_1' title='bbox 225 1131 306 1153; x_wconf 78' lang='lat' dir='ltr'><strong>Exem-</strong></span> 
     </span>
    </p>
   </div>
   <div class='ocr_carea' id='block_1_2' title="bbox 325 239 1555 278">
    <p class='ocr_par' dir='ltr' id='par_1_2' title="bbox 325 239 1555 278">
     <span class='ocr_line' id='line_1_2' title="bbox 325 239 1555 278; baseline -0.002 0"><span class='ocrx_word' id='word_1_2' title='bbox 325 249 366 278; x_wconf 79' lang='lat'><strong>20</strong></span> <span class='ocrx_word' id='word_1_3' title='bbox 714 241 928 278; x_wconf 80' lang='lat' dir='ltr'><strong>SERMONES</strong></span> <span class='ocrx_word' id='word_1_4' title='bbox 949 241 1000 276; x_wconf 78' lang='grc' dir='ltr'><strong>ΒΕ</strong></span> <span class='ocrx_word' id='word_1_5' title='bbox 1018 239 1184 276; x_wconf 82' lang='lat' dir='ltr'>SANGTIS</span> <span class='ocrx_word' id='word_1_6' title='bbox 1205 241 1247 276; x_wconf 88' lang='lat' dir='ltr'><strong>IN</strong></span> <span class='ocrx_word' id='word_1_7' title='bbox 1268 241 1464 275; x_wconf 74' lang='lat' dir='ltr'><strong>commum.</strong></span> <span class='ocrx_word' id='word_1_8' title='bbox 1486 243 1555 276; x_wconf 84' lang='lat' dir='ltr'><strong>Vll.</strong></span> 
     </span>
    </p>
   </div>
   <div class='ocr_carea' id='block_1_3' title="bbox 321 311 1107 872">
    <p class='ocr_par' dir='ltr' id='par_1_3' title="bbox 321 311 1107 872">
     <span class='ocr_line' id='line_1_3' title="bbox 324 311 1107 350; baseline -0.003 -8"><span class='ocrx_word' id='word_1_9' title='bbox 324 313 440 342; x_wconf 85' lang='lat' dir='ltr'><strong>malum</strong></span> <span class='ocrx_word' id='word_1_10' title='bbox 444 322 454 350; x_wconf 89' lang='lat'>;</span> <span class='ocrx_word' id='word_1_11' title='bbox 469 313 568 342; x_wconf 86' lang='lat' dir='ltr'><strong>sedin</strong></span> <span class='ocrx_word' id='word_1_12' title='bbox 582 313 664 343; x_wconf 86' lang='lat' dir='ltr'><strong>malo</strong></span> <span class='ocrx_word' id='word_1_13' title='bbox 678 319 880 350; x_wconf 83' lang='lat' dir='ltr'><strong>perseverare,</strong></span> <span class='ocrx_word' id='word_1_14' title='bbox 895 313 925 341; x_wconf 83' lang='lat' dir='ltr'><strong>et</strong></span> <span class='ocrx_word' id='word_1_15' title='bbox 937 311 969 340; x_wconf 90' lang='lat' dir='ltr'><strong>in</strong></span> <span class='ocrx_word' id='word_1_16' title='bbox 982 318 1107 341; x_wconf 85' lang='lat' dir='ltr'><strong>consue-</strong></span> 
     </span>
     <span class='ocr_line' id='line_1_4' title="bbox 324 359 1106 400; baseline -0.003 -8"><span class='ocrx_word' id='word_1_17' title='bbox 324 359 461 392; x_wconf 83' lang='lat' dir='ltr'><strong>tudinem</strong></span> <span class='ocrx_word' id='word_1_18' title='bbox 480 362 607 399; x_wconf 70' lang='lat' dir='ltr'><strong>tratmre,</strong></span> <span class='ocrx_word' id='word_1_19' title='bbox 623 363 666 392; x_wconf 88' lang='lat' dir='ltr'><strong>est</strong></span> <span class='ocrx_word' id='word_1_20' title='bbox 679 362 854 400; x_wconf 86' lang='lat' dir='ltr'><strong>pessimum,</strong></span> <span class='ocrx_word' id='word_1_21' title='bbox 870 361 943 399; x_wconf 83' lang='lat' dir='ltr'><strong>quia</strong></span> <span class='ocrx_word' id='word_1_22' title='bbox 955 361 999 397; x_wconf 90' lang='lat' dir='ltr'><strong>fit,</strong></span> <span class='ocrx_word' id='word_1_23' title='bbox 1013 363 1046 390; x_wconf 91' lang='lat' dir='ltr'><strong>ut</strong></span> <span class='ocrx_word' id='word_1_24' title='bbox 1059 369 1106 390; x_wconf 78' lang='lat' dir='ltr'><strong>ra-</strong></span> 
     </span>
     <span class='ocr_line' id='line_1_5' title="bbox 323 408 1106 447; baseline -0.003 -9"><span class='ocrx_word' id='word_1_25' title='bbox 323 409 366 439; x_wconf 91' lang='lat' dir='ltr'><strong>tio</strong></span> <span class='ocrx_word' id='word_1_26' title='bbox 380 417 498 447; x_wconf 80' lang='lat' dir='ltr'>semper</span> <span class='ocrx_word' id='word_1_27' title='bbox 514 417 611 447; x_wconf 88' lang='lat' dir='ltr'><strong>prona</strong></span> <span class='ocrx_word' id='word_1_28' title='bbox 625 409 671 438; x_wconf 85' lang='lat' dir='ltr'><strong>sit.</strong></span> <span class='ocrx_word' id='word_1_29' title='bbox 693 411 725 438; x_wconf 79' lang='lat' dir='ltr'><strong>Et</strong></span> <span class='ocrx_word' id='word_1_30' title='bbox 745 409 844 446; x_wconf 89' lang='lat' dir='ltr'><strong>prima</strong></span> <span class='ocrx_word' id='word_1_31' title='bbox 862 408 995 438; x_wconf 85' lang='lat' dir='ltr'><strong>duorum</strong></span> <span class='ocrx_word' id='word_1_32' title='bbox 1009 408 1106 437; x_wconf 89' lang='lat' dir='ltr'><strong>malo-</strong></span> 
     </span>
     <span class='ocr_line' id='line_1_6' title="bbox 323 455 1104 493; baseline -0.003 -7"><span class='ocrx_word' id='word_1_33' title='bbox 323 465 392 486; x_wconf 85' lang='lat' dir='ltr'><strong>rum</strong></span> <span class='ocrx_word' id='word_1_34' title='bbox 405 465 514 493; x_wconf 85' lang='lat' dir='ltr'><strong>genera</strong></span> <span class='ocrx_word' id='word_1_35' title='bbox 537 456 662 485; x_wconf 75' lang='lat' dir='ltr'><strong>faciliter</strong></span> <span class='ocrx_word' id='word_1_36' title='bbox 675 458 744 484; x_wconf 88' lang='lat' dir='ltr'><strong>sunt</strong></span> <span class='ocrx_word' id='word_1_37' title='bbox 763 455 956 493; x_wconf 72' lang='lat' dir='ltr'><strong>corrigenda,</strong></span> <span class='ocrx_word' id='word_1_38' title='bbox 971 455 1025 485; x_wconf 88' lang='lat' dir='ltr'><strong>sed</strong></span> <span class='ocrx_word' id='word_1_39' title='bbox 1046 457 1104 484; x_wconf 83' lang='lat' dir='ltr'><strong>ter-</strong></span> 
     </span>
     <span class='ocr_line' id='line_1_7' title="bbox 322 502 1105 541; baseline -0.003 -8"><span class='ocrx_word' id='word_1_40' title='bbox 322 505 397 534; x_wconf 84' lang='lat' dir='ltr'><strong>tium</strong></span> <span class='ocrx_word' id='word_1_41' title='bbox 421 506 464 533; x_wconf 87' lang='lat' dir='ltr'><strong>est</strong></span> <span class='ocrx_word' id='word_1_42' title='bbox 491 503 577 541; x_wconf 81' lang='lat' dir='ltr'>quasi</span> <span class='ocrx_word' id='word_1_43' title='bbox 597 503 628 532; x_wconf 92' lang='lat' dir='ltr'><strong>in</strong></span> <span class='ocrx_word' id='word_1_44' title='bbox 649 505 788 532; x_wconf 85' lang='lat' dir='ltr'><strong>naturam</strong></span> <span class='ocrx_word' id='word_1_45' title='bbox 810 511 949 538; x_wconf 86' lang='lat' dir='ltr'><strong>versum,</strong></span> <span class='ocrx_word' id='word_1_46' title='bbox 973 511 1029 532; x_wconf 88' lang='lat' dir='ltr'><strong>nec</strong></span> <span class='ocrx_word' id='word_1_47' title='bbox 1048 502 1105 531; x_wconf 87' lang='lat' dir='ltr'><strong>nisi</strong></span> 
     </span>
     <span class='ocr_line' id='line_1_8' title="bbox 322 550 1104 587; baseline -0.003 -7"><span class='ocrx_word' id='word_1_48' title='bbox 322 551 418 580; x_wconf 86' lang='lat' dir='ltr'><strong>multa</strong></span> <span class='ocrx_word' id='word_1_49' title='bbox 431 550 604 579; x_wconf 85' lang='lat' dir='ltr'><strong>difficultate</strong></span> <span class='ocrx_word' id='word_1_50' title='bbox 619 552 662 579; x_wconf 86' lang='lat' dir='ltr'><strong>est</strong></span> <span class='ocrx_word' id='word_1_51' title='bbox 674 550 864 580; x_wconf 76' lang='lat' dir='ltr'><strong>correctionis</strong></span> <span class='ocrx_word' id='word_1_52' title='bbox 879 550 1079 587; x_wconf 83' lang='lat' dir='ltr'><strong>susceptivum</strong></span> <span class='ocrx_word' id='word_1_53' title='bbox 1095 559 1104 578; x_wconf 88' lang='lat'><em>=</em></span> 
     </span>
     <span class='ocr_line' id='line_1_9' title="bbox 323 596 1105 634; baseline -0.001 -8"><span class='ocrx_word' id='word_1_54' title='bbox 323 600 366 627; x_wconf 87' lang='lat' dir='ltr'><strong>est</strong></span> <span class='ocrx_word' id='word_1_55' title='bbox 385 598 464 627; x_wconf 88' lang='lat' dir='ltr'><strong>enim</strong></span> <span class='ocrx_word' id='word_1_56' title='bbox 477 597 660 626; x_wconf 90' lang='lat' dir='ltr'><strong>consuetudo</strong></span> <span class='ocrx_word' id='word_1_57' title='bbox 680 598 773 627; x_wconf 82' lang='lat' dir='ltr'><strong>altera</strong></span> <span class='ocrx_word' id='word_1_58' title='bbox 786 600 902 627; x_wconf 83' lang='lat' dir='ltr'><strong>natura.</strong></span> <span class='ocrx_word' id='word_1_59' title='bbox 919 597 1001 626; x_wconf 85' lang='lat' dir='ltr'><strong>Unde</strong></span> <span class='ocrx_word' id='word_1_60' title='bbox 1019 596 1105 634; x_wconf 79' lang='lat' dir='ltr'><strong>quasi</strong></span> 
     </span>
     <span class='ocr_line' id='line_1_10' title="bbox 321 645 1104 683; baseline -0.001 -9"><span class='ocrx_word' id='word_1_61' title='bbox 321 645 456 674; x_wconf 85' lang='lat' dir='ltr'><strong>naturale</strong></span> <span class='ocrx_word' id='word_1_62' title='bbox 470 645 512 680; x_wconf 85' lang='lat' dir='ltr'><strong>fit,</strong></span> <span class='ocrx_word' id='word_1_63' title='bbox 533 645 617 683; x_wconf 83' lang='lat' dir='ltr'><strong>quod</strong></span> <span class='ocrx_word' id='word_1_64' title='bbox 635 645 746 674; x_wconf 85' lang='lat' dir='ltr'><strong>diutius</strong></span> <span class='ocrx_word' id='word_1_65' title='bbox 760 645 892 675; x_wconf 86' lang='lat' dir='ltr'><strong>inolevit.</strong></span> <span class='ocrx_word' id='word_1_66' title='bbox 908 645 990 674; x_wconf 85' lang='lat' dir='ltr'><strong>Unde</strong></span> <span class='ocrx_word' id='word_1_67' title='bbox 1004 645 1104 674; x_wconf 78' lang='lat' dir='ltr'><strong>fliero-</strong></span> 
     </span>
     <span class='ocr_line' id='line_1_11' title="bbox 321 691 1102 730; baseline -0.001 -9"><span class='ocrx_word' id='word_1_68' title='bbox 321 700 432 730; x_wconf 88' lang='lat' dir='ltr'><strong>nymus</strong></span> <span class='ocrx_word' id='word_1_69' title='bbox 446 693 453 709; x_wconf 92' lang='lat'>¹</span> <span class='ocrx_word' id='word_1_70' title='bbox 470 692 556 727; x_wconf 87' lang='lat' dir='ltr'><strong>dicit,</strong></span> <span class='ocrx_word' id='word_1_71' title='bbox 576 692 661 730; x_wconf 86' lang='lat' dir='ltr'><strong>quod</strong></span> <span class='ocrx_word' id='word_1_72' title='bbox 675 693 858 730; x_wconf 76' lang='lat' dir='ltr'><strong>experientia</strong></span> <span class='ocrx_word' id='word_1_73' title='bbox 875 693 931 721; x_wconf 92' lang='lat' dir='ltr'><strong>hoc</strong></span> <span class='ocrx_word' id='word_1_74' title='bbox 953 691 1102 721; x_wconf 87' lang='lat' dir='ltr'><strong>ostendit:</strong></span> 
     </span>
     <span class='ocr_line' id='line_1_12' title="bbox 324 739 1106 776; baseline 0 -9"><span class='ocrx_word' id='word_1_75' title='bbox 324 740 409 768; x_wconf 70' lang='lat' dir='ltr'><strong>«Non</strong></span> <span class='ocrx_word' id='word_1_76' title='bbox 416 741 459 768; x_wconf 84' lang='lat' dir='ltr'><strong>est</strong></span> <span class='ocrx_word' id='word_1_77' title='bbox 469 739 687 768; x_wconf 90' lang='lat' dir='ltr'><strong>addiscendum</strong></span> <span class='ocrx_word' id='word_1_78' title='bbox 696 740 726 768; x_wconf 93' lang='lat' dir='ltr'><strong>in</strong></span> <span class='ocrx_word' id='word_1_79' title='bbox 734 742 846 776; x_wconf 85' lang='lat' dir='ltr'><strong>tenero,</strong></span> <span class='ocrx_word' id='word_1_80' title='bbox 856 739 941 776; x_wconf 89' lang='lat' dir='ltr'><strong>quod</strong></span> <span class='ocrx_word' id='word_1_81' title='bbox 951 741 995 768; x_wconf 89' lang='lat' dir='ltr'><strong>est</strong></span> <span class='ocrx_word' id='word_1_82' title='bbox 1002 741 1106 776; x_wconf 86' lang='lat' dir='ltr'><strong>postea</strong></span> 
     </span>
     <span class='ocr_line' id='line_1_13' title="bbox 322 786 1105 824; baseline -0.003 -8"><span class='ocrx_word' id='word_1_83' title='bbox 322 787 522 816; x_wconf 87' lang='lat' dir='ltr'><strong>deserendum</strong></span> <span class='ocrx_word' id='word_1_84' title='bbox 543 796 549 815; x_wconf 92' lang='lat'><strong>:</strong></span> <span class='ocrx_word' id='word_1_85' title='bbox 573 787 646 824; x_wconf 88' lang='lat' dir='ltr'><strong>quia</strong></span> <span class='ocrx_word' id='word_1_86' title='bbox 674 787 834 816; x_wconf 88' lang='lat' dir='ltr'><strong>difficulter</strong></span> <span class='ocrx_word' id='word_1_87' title='bbox 859 786 990 822; x_wconf 86' lang='lat' dir='ltr'><strong>raditur,</strong></span> <span class='ocrx_word' id='word_1_88' title='bbox 1014 787 1105 815; x_wconf 88' lang='lat' dir='ltr'><strong>rudes</strong></span> 
     </span>
     <span class='ocr_line' id='line_1_14' title="bbox 322 833 796 872; baseline 0 -9"><span class='ocrx_word' id='word_1_89' title='bbox 322 843 391 863; x_wconf 93' lang='lat' dir='ltr'><strong>cum</strong></span> <span class='ocrx_word' id='word_1_90' title='bbox 405 836 613 872; x_wconf 88' lang='lat' dir='ltr'><strong>perceperunt.</strong></span> <span class='ocrx_word' id='word_1_91' title='bbox 630 845 643 860; x_wconf 90' lang='lat'>»</span> <span class='ocrx_word' id='word_1_92' title='bbox 660 835 750 863; x_wconf 85' lang='lat' dir='ltr'><strong>Poeta</strong></span> <span class='ocrx_word' id='word_1_93' title='bbox 762 833 773 850; x_wconf 86' lang='lat'>¹</span> <span class='ocrx_word' id='word_1_94' title='bbox 790 843 796 862; x_wconf 94' lang='lat'>:</span> 
     </span>
    </p>
   </div>
   <div class='ocr_carea' id='block_1_4' title="bbox 390 903 967 936">
    <p class='ocr_par' dir='ltr' id='par_1_4' title="bbox 390 903 967 936">
     <span class='ocr_line' id='line_1_15' title="bbox 390 903 967 936; baseline -0.003 -6"><span class='ocrx_word' id='word_1_95' title='bbox 390 905 464 935; x_wconf 89' lang='lat' dir='ltr'><strong>Quod</strong></span> <span class='ocrx_word' id='word_1_96' title='bbox 478 912 547 930; x_wconf 87' lang='lat' dir='ltr'><strong>nova</strong></span> <span class='ocrx_word' id='word_1_97' title='bbox 562 907 626 930; x_wconf 78' lang='lat' dir='ltr'><strong>testa</strong></span> <span class='ocrx_word' id='word_1_98' title='bbox 639 904 718 936; x_wconf 87' lang='lat' dir='ltr'><strong>capit,</strong></span> <span class='ocrx_word' id='word_1_99' title='bbox 734 904 875 929; x_wconf 85' lang='lat' dir='ltr'><strong>inveterata</strong></span> <span class='ocrx_word' id='word_1_100' title='bbox 890 903 967 935; x_wconf 86' lang='lat' dir='ltr'><strong>sapit.</strong></span> 
     </span>
    </p>
   </div>
   <div class='ocr_carea' id='block_1_5' title="bbox 319 975 1115 2573">
    <p class='ocr_par' dir='ltr' id='par_1_5' title="bbox 319 975 1115 2573">
     <span class='ocr_line' id='line_1_16' title="bbox 357 975 1105 1015; baseline -0.007 -8"><span class='ocrx_word' id='word_1_101' title='bbox 357 979 474 1015; x_wconf 83' lang='lat' dir='ltr'><strong>Lagena</strong></span> <span class='ocrx_word' id='word_1_102' title='bbox 493 977 571 1006; x_wconf 90' lang='lat' dir='ltr'><strong>enim</strong></span> <span class='ocrx_word' id='word_1_103' title='bbox 595 985 714 1014; x_wconf 85' lang='lat' dir='ltr'><strong>semper</strong></span> <span class='ocrx_word' id='word_1_104' title='bbox 732 976 873 1005; x_wconf 89' lang='lat' dir='ltr'><strong>eumdem</strong></span> <span class='ocrx_word' id='word_1_105' title='bbox 897 975 1024 1004; x_wconf 90' lang='lat' dir='ltr'><strong>odorem</strong></span> <span class='ocrx_word' id='word_1_106' title='bbox 1046 982 1105 1002; x_wconf 87' lang='lat' dir='ltr'><strong>ser-</strong></span> 
     </span>
     <span class='ocr_line' id='line_1_17' title="bbox 320 1023 1104 1063; baseline -0.005 -9"><span class='ocrx_word' id='word_1_107' title='bbox 320 1028 381 1061; x_wconf 87' lang='lat' dir='ltr'><strong>vat,</strong></span> <span class='ocrx_word' id='word_1_108' title='bbox 398 1034 504 1063; x_wconf 81' lang='lat' dir='ltr'><strong>quem,</strong></span> <span class='ocrx_word' id='word_1_109' title='bbox 526 1025 599 1053; x_wconf 91' lang='lat' dir='ltr'><strong>dum</strong></span> <span class='ocrx_word' id='word_1_110' title='bbox 622 1032 702 1053; x_wconf 90' lang='lat' dir='ltr'><strong>nova</strong></span> <span class='ocrx_word' id='word_1_111' title='bbox 723 1026 808 1058; x_wconf 86' lang='lat' dir='ltr'><strong>esset,</strong></span> <span class='ocrx_word' id='word_1_112' title='bbox 833 1023 948 1051; x_wconf 85' lang='lat' dir='ltr'><strong>imbuta</strong></span> <span class='ocrx_word' id='word_1_113' title='bbox 969 1025 1020 1051; x_wconf 90' lang='lat' dir='ltr'><strong>est.</strong></span> <span class='ocrx_word' id='word_1_114' title='bbox 1041 1024 1104 1051; x_wconf 80' lang='lat' dir='ltr'><strong>Non</strong></span> 
     </span>
     <span class='ocr_line' id='line_1_18' title="bbox 321 1069 1104 1108; baseline -0.005 -8"><span class='ocrx_word' id='word_1_115' title='bbox 321 1073 446 1102; x_wconf 77' lang='lat' dir='ltr'><strong>faciliter</strong></span> <span class='ocrx_word' id='word_1_116' title='bbox 469 1072 552 1100; x_wconf 93' lang='lat' dir='ltr'><strong>color</strong></span> <span class='ocrx_word' id='word_1_117' title='bbox 575 1080 593 1099; x_wconf 87' lang='lat' dir='ltr'><strong>a</strong></span> <span class='ocrx_word' id='word_1_118' title='bbox 618 1079 720 1108; x_wconf 89' lang='lat' dir='ltr'><strong>panno</strong></span> <span class='ocrx_word' id='word_1_119' title='bbox 745 1072 898 1104; x_wconf 90' lang='lat' dir='ltr'><strong>movetur,</strong></span> <span class='ocrx_word' id='word_1_120' title='bbox 925 1077 987 1106; x_wconf 91' lang='lat' dir='ltr'><strong>quo</strong></span> <span class='ocrx_word' id='word_1_121' title='bbox 1007 1069 1104 1105; x_wconf 88' lang='lat' dir='ltr'><strong>primo</strong></span> 
     </span>
     <span class='ocr_line' id='line_1_19' title="bbox 322 1116 1104 1156; baseline -0.006 -7"><span class='ocrx_word' id='word_1_122' title='bbox 322 1120 451 1156; x_wconf 83' lang='lat' dir='ltr'><strong>tingitur.</strong></span> <span class='ocrx_word' id='word_1_123' title='bbox 476 1119 613 1154; x_wconf 85' lang='lat' dir='ltr'><strong>Minium,</strong></span> <span class='ocrx_word' id='word_1_124' title='bbox 635 1119 657 1146; x_wconf 88' lang='lat' dir='ltr'><strong>si</strong></span> <span class='ocrx_word' id='word_1_125' title='bbox 680 1118 756 1146; x_wconf 87' lang='lat' dir='ltr'><strong>bene</strong></span> <span class='ocrx_word' id='word_1_126' title='bbox 781 1117 888 1146; x_wconf 84' lang='lat' dir='ltr'><strong>chartae</strong></span> <span class='ocrx_word' id='word_1_127' title='bbox 912 1116 1104 1153; x_wconf 82' lang='lat' dir='ltr'><strong>imprimitur,</strong></span> 
     </span>
     <span class='ocr_line' id='line_1_20' title="bbox 321 1163 1104 1203; baseline -0.008 -7"><span class='ocrx_word' id='word_1_128' title='bbox 321 1168 369 1196; x_wconf 78' lang='lat' dir='ltr'><strong>vix</strong></span> <span class='ocrx_word' id='word_1_129' title='bbox 385 1168 424 1196; x_wconf 88' lang='lat' dir='ltr'><strong>ita</strong></span> <span class='ocrx_word' id='word_1_130' title='bbox 439 1175 573 1203; x_wconf 88' lang='lat' dir='ltr'><strong>unquam</strong></span> <span class='ocrx_word' id='word_1_131' title='bbox 583 1165 708 1200; x_wconf 88' lang='lat' dir='ltr'><strong>raditur,</strong></span> <span class='ocrx_word' id='word_1_132' title='bbox 725 1165 798 1201; x_wconf 90' lang='lat' dir='ltr'><strong>quin</strong></span> <span class='ocrx_word' id='word_1_133' title='bbox 813 1172 932 1200; x_wconf 83' lang='lat' dir='ltr'><strong>semper</strong></span> <span class='ocrx_word' id='word_1_134' title='bbox 947 1163 1104 1199; x_wconf 80' lang='lat' dir='ltr'><strong>vestigium</strong></span> 
     </span>
     <span class='ocr_line' id='line_1_21' title="bbox 321 1210 1106 1252; baseline -0.008 -9"><span class='ocrx_word' id='word_1_135' title='bbox 321 1214 446 1252; x_wconf 81' lang='lat' dir='ltr'><strong>aliquod</strong></span> <span class='ocrx_word' id='word_1_136' title='bbox 463 1213 657 1250; x_wconf 85' lang='lat' dir='ltr'><strong>relinquatur.</strong></span> <span class='ocrx_word' id='word_1_137' title='bbox 675 1212 807 1247; x_wconf 81' lang='lat' dir='ltr'><strong>Rubigo,</strong></span> <span class='ocrx_word' id='word_1_138' title='bbox 824 1211 848 1238; x_wconf 93' lang='lat' dir='ltr'><strong>si</strong></span> <span class='ocrx_word' id='word_1_139' title='bbox 865 1211 940 1239; x_wconf 86' lang='lat' dir='ltr'><strong>bene</strong></span> <span class='ocrx_word' id='word_1_140' title='bbox 957 1210 1035 1238; x_wconf 78' lang='lat' dir='ltr'><strong>terro</strong></span> <span class='ocrx_word' id='word_1_141' title='bbox 1051 1210 1106 1238; x_wconf 88' lang='lat' dir='ltr'><strong>im-</strong></span> 
     </span>
     <span class='ocr_line' id='line_1_22' title="bbox 319 1257 1105 1299; baseline -0.008 -9"><span class='ocrx_word' id='word_1_142' title='bbox 319 1262 476 1299; x_wconf 78' lang='lat' dir='ltr'><strong>primitur,</strong></span> <span class='ocrx_word' id='word_1_143' title='bbox 499 1260 587 1289; x_wconf 88' lang='lat' dir='ltr'><strong>etiam</strong></span> <span class='ocrx_word' id='word_1_144' title='bbox 611 1260 634 1287; x_wconf 84' lang='lat' dir='ltr'><strong>si</strong></span> <span class='ocrx_word' id='word_1_145' title='bbox 658 1259 730 1288; x_wconf 80' lang='lat' dir='ltr'><strong>lima</strong></span> <span class='ocrx_word' id='word_1_146' title='bbox 752 1261 944 1292; x_wconf 81' lang='lat' dir='ltr'><strong>amoveatur,</strong></span> <span class='ocrx_word' id='word_1_147' title='bbox 967 1266 1043 1294; x_wconf 79' lang='lat' dir='ltr'><strong>soepe</strong></span> <span class='ocrx_word' id='word_1_148' title='bbox 1066 1257 1105 1285; x_wconf 86' lang='lat' dir='ltr'><strong>ad</strong></span> 
     </span>
     <span class='ocr_line' id='line_1_23' title="bbox 320 1306 1104 1343; baseline -0.008 -6"><span class='ocrx_word' id='word_1_149' title='bbox 320 1309 402 1337; x_wconf 84' lang='lat' dir='ltr'><strong>idem</strong></span> <span class='ocrx_word' id='word_1_150' title='bbox 412 1309 578 1337; x_wconf 85' lang='lat' dir='ltr'><strong>revertitur.</strong></span> <span class='ocrx_word' id='word_1_151' title='bbox 595 1307 676 1335; x_wconf 84' lang='lat' dir='ltr'><strong>Unde</strong></span> <span class='ocrx_word' id='word_1_152' title='bbox 692 1306 792 1343; x_wconf 89' lang='lat' dir='ltr'><strong>pullus</strong></span> <span class='ocrx_word' id='word_1_153' title='bbox 807 1306 935 1342; x_wconf 88' lang='lat' dir='ltr'><strong>equinus</strong></span> <span class='ocrx_word' id='word_1_154' title='bbox 949 1312 1104 1341; x_wconf 84' lang='lat' dir='ltr'><strong>nunquam</strong></span> 
     </span>
     <span class='ocr_line' id='line_1_24' title="bbox 320 1351 1103 1393; baseline -0.006 -9"><span class='ocrx_word' id='word_1_155' title='bbox 320 1365 442 1393; x_wconf 81' lang='lat' dir='ltr'><strong>passum</strong></span> <span class='ocrx_word' id='word_1_156' title='bbox 471 1356 597 1390; x_wconf 84' lang='lat' dir='ltr'><strong>deserit,</strong></span> <span class='ocrx_word' id='word_1_157' title='bbox 633 1363 723 1391; x_wconf 84' lang='lat' dir='ltr'><strong>quem</strong></span> <span class='ocrx_word' id='word_1_158' title='bbox 756 1352 935 1388; x_wconf 82' lang='lat' dir='ltr'><strong>juvenculus</strong></span> <span class='ocrx_word' id='word_1_159' title='bbox 964 1351 1103 1380; x_wconf 83' lang='lat' dir='ltr'><strong>assuevit.</strong></span> 
     </span>
     <span class='ocr_line' id='line_1_25' title="bbox 322 1399 1107 1440; baseline -0.008 -8"><span class='ocrx_word' id='word_1_160' title='bbox 322 1405 442 1440; x_wconf 87' lang='lat' dir='ltr'><strong>Propter</strong></span> <span class='ocrx_word' id='word_1_161' title='bbox 461 1402 545 1440; x_wconf 86' lang='lat' dir='ltr'><strong>quod</strong></span> <span class='ocrx_word' id='word_1_162' title='bbox 568 1404 668 1430; x_wconf 84' lang='lat' dir='ltr'><strong>narrat</strong></span> <span class='ocrx_word' id='word_1_163' title='bbox 690 1400 871 1436; x_wconf 81' lang='lat' dir='ltr'><strong>Gregorius³</strong></span> <span class='ocrx_word' id='word_1_164' title='bbox 886 1399 1039 1427; x_wconf 81' lang='lat' dir='ltr'><strong>historiam</strong></span> <span class='ocrx_word' id='word_1_165' title='bbox 1062 1401 1107 1431; x_wconf 82' lang='lat' dir='ltr'><strong>(et</strong></span> 
     </span>
     <span class='ocr_line' id='line_1_26' title="bbox 321 1446 1105 1486; baseline -0.009 -6"><span class='ocrx_word' id='word_1_166' title='bbox 321 1452 448 1481; x_wconf 86' lang='lat' dir='ltr'><strong>habetur</strong></span> <span class='ocrx_word' id='word_1_167' title='bbox 467 1452 496 1479; x_wconf 91' lang='lat' dir='ltr'><strong>in</strong></span> <span class='ocrx_word' id='word_1_168' title='bbox 511 1451 613 1479; x_wconf 74' lang='lat' dir='ltr'><strong>Glossa</strong></span> <span class='ocrx_word' id='word_1_169' title='bbox 632 1457 722 1486; x_wconf 85' lang='lat' dir='ltr'><strong>super</strong></span> <span class='ocrx_word' id='word_1_170' title='bbox 741 1448 816 1477; x_wconf 88' lang='lat' dir='ltr'><strong>illud</strong></span> <span class='ocrx_word' id='word_1_171' title='bbox 834 1446 1064 1476; x_wconf 75' lang='lat' dir='ltr'><strong>proverbiorum</strong></span> <span class='ocrx_word' id='word_1_172' title='bbox 1080 1447 1105 1473; x_wconf 76' lang='lat'><strong>⁴:</strong></span> 
     </span>
     <span class='ocr_line' id='line_1_27' title="bbox 322 1495 1105 1533; baseline -0.011 -5"><span class='ocrx_word' id='word_1_173' title='bbox 322 1500 483 1528; x_wconf 75' lang='lat' dir='ltr'><strong>Adolescens</strong></span> <span class='ocrx_word' id='word_1_174' title='bbox 494 1500 578 1533; x_wconf 74' lang='lat' dir='ltr'><strong>juaelu</strong></span> <span class='ocrx_word' id='word_1_175' title='bbox 592 1499 665 1525; x_wconf 77' lang='lat' dir='ltr'><strong>viam</strong></span> <span class='ocrx_word' id='word_1_176' title='bbox 690 1505 782 1530; x_wconf 82' lang='lat' dir='ltr'><strong>suam,</strong></span> <span class='ocrx_word' id='word_1_177' title='bbox 798 1497 880 1523; x_wconf 76' lang='lat' dir='ltr'><strong>etiam</strong></span> <span class='ocrx_word' id='word_1_178' title='bbox 896 1503 954 1522; x_wconf 75' lang='lat' dir='ltr'><strong>cum</strong></span> <span class='ocrx_word' id='word_1_179' title='bbox 976 1495 1105 1527; x_wconf 72' lang='lat' dir='ltr'><strong>senuerit,</strong></span> 
     </span>
     <span class='ocr_line' id='line_1_28' title="bbox 322 1540 1106 1580; baseline -0.009 -6"><span class='ocrx_word' id='word_1_180' title='bbox 322 1555 375 1574; x_wconf 81' lang='lat' dir='ltr'><strong>non</strong></span> <span class='ocrx_word' id='word_1_181' title='bbox 390 1547 488 1574; x_wconf 77' lang='lat' dir='ltr'><strong>recedit</strong></span> <span class='ocrx_word' id='word_1_182' title='bbox 503 1545 539 1573; x_wconf 78' lang='lat' dir='ltr'><strong>ad</strong></span> <span class='ocrx_word' id='word_1_183' title='bbox 554 1545 608 1580; x_wconf 80' lang='lat' dir='ltr'><strong>ea),</strong></span> <span class='ocrx_word' id='word_1_184' title='bbox 623 1543 706 1580; x_wconf 85' lang='lat' dir='ltr'><strong>quod</strong></span> <span class='ocrx_word' id='word_1_185' title='bbox 723 1542 890 1572; x_wconf 69' lang='lat' dir='ltr'><strong>Alexander</strong></span> <span class='ocrx_word' id='word_1_186' title='bbox 906 1549 1004 1569; x_wconf 91' lang='lat' dir='ltr'><strong>mores</strong></span> <span class='ocrx_word' id='word_1_187' title='bbox 1020 1540 1106 1568; x_wconf 90' lang='lat' dir='ltr'><strong>vitio-</strong></span> 
     </span>
     <span class='ocr_line' id='line_1_29' title="bbox 323 1590 1106 1629; baseline -0.009 -8"><span class='ocrx_word' id='word_1_188' title='bbox 323 1601 390 1621; x_wconf 89' lang='lat' dir='ltr'><strong>rum</strong></span> <span class='ocrx_word' id='word_1_189' title='bbox 401 1594 438 1629; x_wconf 84' lang='lat' dir='ltr'><strong>(u)</strong></span> <span class='ocrx_word' id='word_1_190' title='bbox 448 1595 475 1620; x_wconf 84' lang='lat' dir='ltr'><strong>et</strong></span> <span class='ocrx_word' id='word_1_191' title='bbox 486 1593 652 1620; x_wconf 64' lang='lat' dir='ltr'><strong>incessuum</strong></span> <span class='ocrx_word' id='word_1_192' title='bbox 663 1590 819 1627; x_wconf 68' lang='lat' dir='ltr'><strong>paedagogi</strong></span> <span class='ocrx_word' id='word_1_193' title='bbox 829 1590 885 1623; x_wconf 89' lang='lat' dir='ltr'><strong>sui,</strong></span> <span class='ocrx_word' id='word_1_194' title='bbox 895 1591 923 1616; x_wconf 88' lang='lat' dir='ltr'><strong>et</strong></span> <span class='ocrx_word' id='word_1_195' title='bbox 934 1596 1106 1624; x_wconf 89' lang='lat' dir='ltr'><strong>puerorum,</strong></span> 
     </span>
     <span class='ocr_line' id='line_1_30' title="bbox 323 1635 1107 1676; baseline -0.009 -8"><span class='ocrx_word' id='word_1_196' title='bbox 323 1649 392 1668; x_wconf 84' lang='lat' dir='ltr'><strong>cum</strong></span> <span class='ocrx_word' id='word_1_197' title='bbox 408 1641 517 1676; x_wconf 77' lang='lat' dir='ltr'><strong>quibus</strong></span> <span class='ocrx_word' id='word_1_198' title='bbox 537 1639 641 1672; x_wconf 69' lang='lat' dir='ltr'><strong>crevit,</strong></span> <span class='ocrx_word' id='word_1_199' title='bbox 667 1646 821 1674; x_wconf 80' lang='lat' dir='ltr'><strong>nunquam</strong></span> <span class='ocrx_word' id='word_1_200' title='bbox 838 1637 984 1664; x_wconf 81' lang='lat' dir='ltr'><strong>dimittere</strong></span> <span class='ocrx_word' id='word_1_201' title='bbox 1001 1635 1107 1671; x_wconf 88' lang='lat' dir='ltr'><strong>potuit.</strong></span> 
     </span>
     <span class='ocr_line' id='line_1_31' title="bbox 325 1681 1108 1724; baseline -0.009 -8"><span class='ocrx_word' id='word_1_202' title='bbox 325 1687 500 1724; x_wconf 75' lang='lat' dir='ltr'><strong>Exemplum</strong></span> <span class='ocrx_word' id='word_1_203' title='bbox 511 1686 548 1714; x_wconf 91' lang='lat' dir='ltr'><strong>de</strong></span> <span class='ocrx_word' id='word_1_204' title='bbox 558 1686 688 1716; x_wconf 68' lang='lat' dir='ltr'><strong>NicolaO.</strong></span> <span class='ocrx_word' id='word_1_205' title='bbox 699 1685 735 1713; x_wconf 83' lang='lat' dir='ltr'><strong>de</strong></span> <span class='ocrx_word' id='word_1_206' title='bbox 744 1693 805 1720; x_wconf 82' lang='lat' dir='ltr'><strong>quo</strong></span> <span class='ocrx_word' id='word_1_207' title='bbox 816 1684 923 1711; x_wconf 85' lang='lat' dir='ltr'><strong>dicitur</strong></span> <span class='ocrx_word' id='word_1_208' title='bbox 933 1683 962 1710; x_wconf 91' lang='lat' dir='ltr'><strong>in</strong></span> <span class='ocrx_word' id='word_1_209' title='bbox 971 1681 1108 1717; x_wconf 74' lang='lat' dir='ltr'><strong>Legenda</strong></span> 
     </span>
     <span class='ocr_line' id='line_1_32' title="bbox 325 1729 1108 1767; baseline -0.009 -5"><span class='ocrx_word' id='word_1_210' title='bbox 325 1736 352 1762; x_wconf 72' lang='lat' dir='ltr'><strong>S.</strong></span> <span class='ocrx_word' id='word_1_211' title='bbox 366 1734 508 1763; x_wconf 52' lang='lat' dir='ltr'><strong>Andronis*</strong></span> <span class='ocrx_word' id='word_1_212' title='bbox 526 1744 531 1761; x_wconf 86' lang='grc'>;</span> <span class='ocrx_word' id='word_1_213' title='bbox 551 1744 564 1759; x_wconf 68' lang='lat' dir='ltr'><strong>a</strong></span> <span class='ocrx_word' id='word_1_214' title='bbox 580 1733 633 1767; x_wconf 75' lang='lat' dir='ltr'><strong>Qui</strong></span> <span class='ocrx_word' id='word_1_215' title='bbox 653 1733 681 1760; x_wconf 90' lang='lat' dir='ltr'><strong>iu</strong></span> <span class='ocrx_word' id='word_1_216' title='bbox 698 1732 778 1759; x_wconf 87' lang='lat' dir='ltr'><strong>malo</strong></span> <span class='ocrx_word' id='word_1_217' title='bbox 795 1732 990 1763; x_wconf 75' lang='lat' dir='ltr'><strong>inveteratus,</strong></span> <span class='ocrx_word' id='word_1_218' title='bbox 1009 1729 1075 1756; x_wconf 86' lang='lat' dir='ltr'><strong>licet</strong></span> <span class='ocrx_word' id='word_1_219' title='bbox 1091 1736 1108 1756; x_wconf 87' lang='lat' dir='ltr'><strong>n</strong></span> 
     </span>
     <span class='ocr_line' id='line_1_33' title="bbox 325 1777 1107 1819; baseline -0.008 -9"><span class='ocrx_word' id='word_1_220' title='bbox 325 1784 447 1819; x_wconf 85' lang='lat' dir='ltr'><strong>peccato</strong></span> <span class='ocrx_word' id='word_1_221' title='bbox 463 1781 559 1809; x_wconf 78' lang='lat' dir='ltr'><strong>caruis</strong></span> <span class='ocrx_word' id='word_1_222' title='bbox 571 1789 601 1808; x_wconf 82' lang='lat' dir='ltr'><strong>se</strong></span> <span class='ocrx_word' id='word_1_223' title='bbox 621 1779 793 1807; x_wconf 76' lang='lat' dir='ltr'><strong>subtrahere</strong></span> <span class='ocrx_word' id='word_1_224' title='bbox 818 1777 921 1810; x_wconf 77' lang='lat' dir='ltr'><strong>vellet,</strong></span> <span class='ocrx_word' id='word_1_225' title='bbox 942 1785 1002 1804; x_wconf 88' lang='lat' dir='ltr'><strong>non</strong></span> <span class='ocrx_word' id='word_1_226' title='bbox 1023 1779 1107 1812; x_wconf 88' lang='lat' dir='ltr'><strong>pote-</strong></span> 
     </span>
     <span class='ocr_line' id='line_1_34' title="bbox 326 1823 1109 1865; baseline -0.009 -9"><span class='ocrx_word' id='word_1_227' title='bbox 326 1832 380 1863; x_wconf 84' lang='lat' dir='ltr'><strong>rat,</strong></span> <span class='ocrx_word' id='word_1_228' title='bbox 397 1829 468 1865; x_wconf 90' lang='lat' dir='ltr'><strong>quia</strong></span> <span class='ocrx_word' id='word_1_229' title='bbox 481 1826 666 1856; x_wconf 57' lang='lat' dir='ltr'><strong>consuetudo</strong></span> <span class='ocrx_word' id='word_1_230' title='bbox 681 1825 760 1853; x_wconf 85' lang='lat' dir='ltr'><strong>mala</strong></span> <span class='ocrx_word' id='word_1_231' title='bbox 780 1833 897 1860; x_wconf 79' lang='lat' dir='ltr'><strong>semper</strong></span> <span class='ocrx_word' id='word_1_232' title='bbox 915 1832 982 1852; x_wconf 89' lang='lat' dir='ltr'><strong>eum</strong></span> <span class='ocrx_word' id='word_1_233' title='bbox 998 1824 1036 1851; x_wconf 91' lang='lat' dir='ltr'><strong>ad</strong></span> <span class='ocrx_word' id='word_1_234' title='bbox 1053 1823 1109 1850; x_wconf 87' lang='lat' dir='ltr'><strong>las-</strong></span> 
     </span>
     <span class='ocr_line' id='line_1_35' title="bbox 327 1870 1108 1909; baseline -0.009 -5"><span class='ocrx_word' id='word_1_235' title='bbox 327 1876 434 1904; x_wconf 88' lang='lat' dir='ltr'><strong>civiam</strong></span> <span class='ocrx_word' id='word_1_236' title='bbox 451 1875 595 1909; x_wconf 84' lang='lat' dir='ltr'><strong>trahebat,</strong></span> <span class='ocrx_word' id='word_1_237' title='bbox 620 1873 680 1901; x_wconf 80' lang='lat' dir='ltr'><strong>sive</strong></span> <span class='ocrx_word' id='word_1_238' title='bbox 705 1872 867 1900; x_wconf 85' lang='lat' dir='ltr'><strong>inducebat</strong></span> <span class='ocrx_word' id='word_1_239' title='bbox 883 1881 889 1899; x_wconf 73' lang='grc' dir='ltr'><strong><em>ε</em></strong></span> <span class='ocrx_word' id='word_1_240' title='bbox 907 1871 991 1906; x_wconf 84' lang='lat' dir='ltr'><strong>cujus</strong></span> <span class='ocrx_word' id='word_1_241' title='bbox 1007 1870 1108 1906; x_wconf 87' lang='lat' dir='ltr'><strong>proni-</strong></span> 
     </span>
     <span class='ocr_line' id='line_1_36' title="bbox 329 1918 1109 1955; baseline -0.009 -4"><span class='ocrx_word' id='word_1_242' title='bbox 329 1926 417 1952; x_wconf 83' lang='lat' dir='ltr'><strong>tatem</strong></span> <span class='ocrx_word' id='word_1_243' title='bbox 444 1925 472 1950; x_wconf 74' lang='lat'><strong>13.</strong></span> <span class='ocrx_word' id='word_1_244' title='bbox 504 1922 634 1951; x_wconf 74' lang='lat' dir='ltr'><strong>Andreas</strong></span> <span class='ocrx_word' id='word_1_245' title='bbox 654 1921 774 1955; x_wconf 77' lang='lat' dir='ltr'><strong>jejuniis</strong></span> <span class='ocrx_word' id='word_1_246' title='bbox 797 1922 824 1947; x_wconf 82' lang='lat' dir='ltr'><strong>et</strong></span> <span class='ocrx_word' id='word_1_247' title='bbox 845 1918 1032 1946; x_wconf 83' lang='lat' dir='ltr'><strong>orationibus</strong></span> <span class='ocrx_word' id='word_1_248' title='bbox 1054 1926 1109 1953; x_wconf 88' lang='lat' dir='ltr'><strong>pu-</strong></span> 
     </span>
     <span class='ocr_line' id='line_1_37' title="bbox 328 1964 1109 2006; baseline -0.01 -7"><span class='ocrx_word' id='word_1_249' title='bbox 328 1980 437 2006; x_wconf 71' lang='lat' dir='ltr'><strong>gnanS,</strong></span> <span class='ocrx_word' id='word_1_250' title='bbox 461 1970 510 1998; x_wconf 82' lang='lat' dir='ltr'><strong>vix</strong></span> <span class='ocrx_word' id='word_1_251' title='bbox 536 1978 553 1998; x_wconf 84' lang='lat' dir='ltr'><strong>a</strong></span> <span class='ocrx_word' id='word_1_252' title='bbox 579 1972 634 1997; x_wconf 64' lang='lat' dir='ltr'><strong>lieo</strong></span> <span class='ocrx_word' id='word_1_253' title='bbox 657 1967 783 1996; x_wconf 80' lang='lat' dir='ltr'><strong>obtinuit</strong></span> <span class='ocrx_word' id='word_1_254' title='bbox 807 1974 861 2003; x_wconf 89' lang='lat' dir='ltr'><strong>pro</strong></span> <span class='ocrx_word' id='word_1_255' title='bbox 886 1974 934 2000; x_wconf 84' lang='lat' dir='ltr'><strong>eo,</strong></span> <span class='ocrx_word' id='word_1_256' title='bbox 959 1965 1045 2001; x_wconf 80' lang='lat' dir='ltr'><strong>eique</strong></span> <span class='ocrx_word' id='word_1_257' title='bbox 1071 1964 1109 1992; x_wconf 83' lang='lat' dir='ltr'><strong>ad</strong></span> 
     </span>
     <span class='ocr_line' id='line_1_38' title="bbox 328 2012 1110 2051; baseline -0.01 -5"><span class='ocrx_word' id='word_1_258' title='bbox 328 2018 521 2046; x_wconf 83' lang='lat' dir='ltr'><strong>resistendum</strong></span> <span class='ocrx_word' id='word_1_259' title='bbox 537 2017 660 2051; x_wconf 68' lang='lat' dir='ltr'><strong>gratiam</strong></span> <span class='ocrx_word' id='word_1_260' title='bbox 678 2014 854 2050; x_wconf 75' lang='lat' dir='ltr'><strong>impetravit.</strong></span> <span class='ocrx_word' id='word_1_261' title='bbox 873 2024 884 2037; x_wconf 77' lang='lat' dir='ltr'><strong>n</strong></span> <span class='ocrx_word' id='word_1_262' title='bbox 908 2014 984 2047; x_wconf 77' lang='lat' dir='ltr'><strong>Ergo</strong></span> <span class='ocrx_word' id='word_1_263' title='bbox 1000 2012 1022 2039; x_wconf 77' lang='lat' dir='ltr'><strong>si</strong></span> <span class='ocrx_word' id='word_1_264' title='bbox 1040 2012 1110 2039; x_wconf 84' lang='lat' dir='ltr'><strong>bea-</strong></span> 
     </span>
     <span class='ocr_line' id='line_1_39' title="bbox 329 2059 1111 2097; baseline -0.012 -3"><span class='ocrx_word' id='word_1_265' title='bbox 329 2066 485 2094; x_wconf 85' lang='lat' dir='ltr'><strong>titudinem</strong></span> <span class='ocrx_word' id='word_1_266' title='bbox 501 2065 555 2091; x_wconf 62' lang='lat' dir='ltr'><strong>vius</strong></span> <span class='ocrx_word' id='word_1_267' title='bbox 578 2063 710 2091; x_wconf 72' lang='lat' dir='ltr'><strong>obtinere</strong></span> <span class='ocrx_word' id='word_1_268' title='bbox 733 2061 886 2097; x_wconf 74' lang='lat' dir='ltr'><strong>cupimus,</strong></span> <span class='ocrx_word' id='word_1_269' title='bbox 905 2068 922 2087; x_wconf 87' lang='lat' dir='ltr'><strong>a</strong></span> <span class='ocrx_word' id='word_1_270' title='bbox 941 2059 1020 2086; x_wconf 79' lang='lat' dir='ltr'><strong>mulo</strong></span> <span class='ocrx_word' id='word_1_271' title='bbox 1045 2061 1111 2086; x_wconf 83' lang='lat' dir='ltr'><strong>ante</strong></span> 
     </span>
     <span class='ocr_line' id='line_1_40' title="bbox 331 2109 1110 2142; baseline -0.012 -1"><span class='ocrx_word' id='word_1_272' title='bbox 331 2113 431 2141; x_wconf 89' lang='lat' dir='ltr'><strong>omnia</strong></span> <span class='ocrx_word' id='word_1_273' title='bbox 446 2111 630 2140; x_wconf 75' lang='lat' dir='ltr'><strong>recedamus.</strong></span> <span class='ocrx_word' id='word_1_274' title='bbox 649 2112 710 2137; x_wconf 69' lang='lat' dir='ltr'><strong>Non</strong></span> <span class='ocrx_word' id='word_1_275' title='bbox 727 2109 895 2142; x_wconf 77' lang='lat' dir='ltr'><strong>sedeaiiuis,</strong></span> <span class='ocrx_word' id='word_1_276' title='bbox 912 2115 971 2134; x_wconf 89' lang='lat' dir='ltr'><strong>uon</strong></span> <span class='ocrx_word' id='word_1_277' title='bbox 989 2109 1110 2139; x_wconf 80' lang='lat' dir='ltr'><strong>stemus,</strong></span> 
     </span>
     <span class='ocr_line' id='line_1_41' title="bbox 331 2153 1111 2190; baseline -0.012 -2"><span class='ocrx_word' id='word_1_278' title='bbox 331 2168 390 2188; x_wconf 88' lang='lat' dir='ltr'><strong>non</strong></span> <span class='ocrx_word' id='word_1_279' title='bbox 407 2159 596 2188; x_wconf 81' lang='lat' dir='ltr'><strong>ambulemus</strong></span> <span class='ocrx_word' id='word_1_280' title='bbox 619 2158 647 2184; x_wconf 92' lang='lat' dir='ltr'><strong>iu</strong></span> <span class='ocrx_word' id='word_1_281' title='bbox 669 2155 792 2183; x_wconf 69' lang='lat' dir='ltr'><strong>consilio</strong></span> <span class='ocrx_word' id='word_1_282' title='bbox 817 2154 992 2190; x_wconf 75' lang='lat' dir='ltr'><strong>impiorum3</strong></span> <span class='ocrx_word' id='word_1_283' title='bbox 1014 2153 1064 2181; x_wconf 71' lang='lat' dir='ltr'><strong>sed</strong></span> <span class='ocrx_word' id='word_1_284' title='bbox 1083 2153 1111 2180; x_wconf 89' lang='lat' dir='ltr'><strong>in</strong></span> 
     </span>
     <span class='ocr_line' id='line_1_42' title="bbox 331 2202 1112 2243; baseline -0.009 -9"><span class='ocrx_word' id='word_1_285' title='bbox 331 2207 395 2243; x_wconf 78' lang='lat' dir='ltr'><strong>lege</strong></span> <span class='ocrx_word' id='word_1_286' title='bbox 419 2205 532 2234; x_wconf 76' lang='lat' dir='ltr'><strong>llomini</strong></span> <span class='ocrx_word' id='word_1_287' title='bbox 559 2204 738 2232; x_wconf 76' lang='lat' dir='ltr'><strong>meditemur</strong></span> <span class='ocrx_word' id='word_1_288' title='bbox 762 2202 810 2229; x_wconf 88' lang='lat' dir='ltr'><strong>die</strong></span> <span class='ocrx_word' id='word_1_289' title='bbox 836 2210 868 2229; x_wconf 84' lang='lat' dir='ltr'><strong>ac</strong></span> <span class='ocrx_word' id='word_1_290' title='bbox 895 2203 990 2229; x_wconf 87' lang='lat' dir='ltr'><strong>nocte.</strong></span> <span class='ocrx_word' id='word_1_291' title='bbox 1017 2203 1112 2234; x_wconf 72' lang='lat' dir='ltr'><strong>Quare</strong></span> 
     </span>
     <span class='ocr_line' id='line_1_43' title="bbox 332 2248 1114 2289; baseline -0.01 -7"><span class='ocrx_word' id='word_1_292' title='bbox 332 2255 408 2282; x_wconf 68' lang='lat' dir='ltr'><strong>hoc?</strong></span> <span class='ocrx_word' id='word_1_293' title='bbox 432 2253 533 2289; x_wconf 65' lang='lat' dir='ltr'><strong>utique</strong></span> <span class='ocrx_word' id='word_1_294' title='bbox 557 2254 588 2279; x_wconf 88' lang='lat' dir='ltr'><strong>ut</strong></span> <span class='ocrx_word' id='word_1_295' title='bbox 613 2259 666 2287; x_wconf 80' lang='lat' dir='ltr'><strong>per</strong></span> <span class='ocrx_word' id='word_1_296' title='bbox 690 2250 785 2285; x_wconf 69' lang='lat' dir='ltr'><strong>legem</strong></span> <span class='ocrx_word' id='word_1_297' title='bbox 809 2249 923 2276; x_wconf 72' lang='lat' dir='ltr'><strong>tioiuini</strong></span> <span class='ocrx_word' id='word_1_298' title='bbox 948 2248 1114 2280; x_wconf 80' lang='lat' dir='ltr'><strong>discamus,</strong></span> 
     </span>
     <span class='ocr_line' id='line_1_44' title="bbox 333 2294 1113 2338; baseline -0.012 -8"><span class='ocrx_word' id='word_1_299' title='bbox 333 2301 407 2338; x_wconf 84' lang='lat' dir='ltr'><strong>quid</strong></span> <span class='ocrx_word' id='word_1_300' title='bbox 423 2300 513 2329; x_wconf 81' lang='lat' dir='ltr'><strong>corde</strong></span> <span class='ocrx_word' id='word_1_301' title='bbox 529 2297 724 2330; x_wconf 71' lang='lat' dir='ltr'><strong>eredendum,</strong></span> <span class='ocrx_word' id='word_1_302' title='bbox 741 2296 814 2332; x_wconf 84' lang='lat' dir='ltr'><strong>quid</strong></span> <span class='ocrx_word' id='word_1_303' title='bbox 830 2295 1022 2331; x_wconf 73' lang='lat' dir='ltr'><strong>sperandum,</strong></span> <span class='ocrx_word' id='word_1_304' title='bbox 1040 2294 1113 2330; x_wconf 83' lang='lat' dir='ltr'><strong>quid</strong></span> 
     </span>
     <span class='ocr_line' id='line_1_45' title="bbox 333 2341 1113 2383; baseline -0.012 -6"><span class='ocrx_word' id='word_1_305' title='bbox 333 2349 511 2381; x_wconf 71' lang='lat' dir='ltr'><strong>arnaudum,</strong></span> <span class='ocrx_word' id='word_1_306' title='bbox 530 2346 601 2383; x_wconf 83' lang='lat' dir='ltr'><strong>quid</strong></span> <span class='ocrx_word' id='word_1_307' title='bbox 624 2346 711 2373; x_wconf 81' lang='lat' dir='ltr'><strong>etiam</strong></span> <span class='ocrx_word' id='word_1_308' title='bbox 729 2343 947 2375; x_wconf 73' lang='lat' dir='ltr'><strong>meditandum,</strong></span> <span class='ocrx_word' id='word_1_309' title='bbox 967 2341 1039 2377; x_wconf 87' lang='lat' dir='ltr'><strong>quid</strong></span> <span class='ocrx_word' id='word_1_310' title='bbox 1062 2349 1113 2368; x_wconf 90' lang='lat' dir='ltr'><strong>ore</strong></span> 
     </span>
     <span class='ocr_line' id='line_1_46' title="bbox 334 2389 1112 2432; baseline -0.013 -8"><span class='ocrx_word' id='word_1_311' title='bbox 334 2396 531 2432; x_wconf 81' lang='lat' dir='ltr'><strong>loquendum,</strong></span> <span class='ocrx_word' id='word_1_312' title='bbox 550 2393 622 2429; x_wconf 83' lang='lat' dir='ltr'><strong>quid</strong></span> <span class='ocrx_word' id='word_1_313' title='bbox 645 2391 805 2424; x_wconf 76' lang='lat' dir='ltr'><strong>orandum,</strong></span> <span class='ocrx_word' id='word_1_314' title='bbox 827 2389 899 2425; x_wconf 81' lang='lat' dir='ltr'><strong>quid</strong></span> <span class='ocrx_word' id='word_1_315' title='bbox 920 2389 983 2416; x_wconf 86' lang='lat' dir='ltr'><strong>aliis</strong></span> <span class='ocrx_word' id='word_1_316' title='bbox 1004 2396 1112 2416; x_wconf 84' lang='lat' dir='ltr'><strong>consu-</strong></span> 
     </span>
     <span class='ocr_line' id='line_1_47' title="bbox 334 2435 1115 2477; baseline -0.013 -6"><span class='ocrx_word' id='word_1_317' title='bbox 334 2443 468 2476; x_wconf 84' lang='lat' dir='ltr'><strong>lendum,</strong></span> <span class='ocrx_word' id='word_1_318' title='bbox 486 2441 559 2477; x_wconf 83' lang='lat' dir='ltr'><strong>quid</strong></span> <span class='ocrx_word' id='word_1_319' title='bbox 576 2448 666 2476; x_wconf 78' lang='lat' dir='ltr'><strong>opere</strong></span> <span class='ocrx_word' id='word_1_320' title='bbox 680 2439 714 2465; x_wconf 81' lang='lat' dir='ltr'><strong>sit</strong></span> <span class='ocrx_word' id='word_1_321' title='bbox 730 2437 893 2472; x_wconf 78' lang='lat' dir='ltr'><strong>agendum,</strong></span> <span class='ocrx_word' id='word_1_322' title='bbox 911 2436 983 2472; x_wconf 78' lang='lat' dir='ltr'><strong>quid</strong></span> <span class='ocrx_word' id='word_1_323' title='bbox 1001 2435 1115 2470; x_wconf 74' lang='lat' dir='ltr'><strong>fugien-</strong></span> 
     </span>
     <span class='ocr_line' id='line_1_48' title="bbox 335 2482 1115 2524; baseline -0.01 -7"><span class='ocrx_word' id='word_1_324' title='bbox 335 2491 418 2523; x_wconf 70' lang='lat' dir='ltr'><strong>«lum,</strong></span> <span class='ocrx_word' id='word_1_325' title='bbox 440 2488 513 2524; x_wconf 84' lang='lat' dir='ltr'><strong>quid</strong></span> <span class='ocrx_word' id='word_1_326' title='bbox 537 2489 605 2520; x_wconf 83' lang='lat' dir='ltr'><strong>Deo,</strong></span> <span class='ocrx_word' id='word_1_327' title='bbox 622 2485 695 2522; x_wconf 87' lang='lat' dir='ltr'><strong>quid</strong></span> <span class='ocrx_word' id='word_1_328' title='bbox 717 2485 783 2518; x_wconf 77' lang='lat' dir='ltr'><strong>sibi,</strong></span> <span class='ocrx_word' id='word_1_329' title='bbox 802 2483 874 2519; x_wconf 84' lang='lat' dir='ltr'><strong>quid</strong></span> <span class='ocrx_word' id='word_1_330' title='bbox 898 2483 1036 2519; x_wconf 76' lang='lat' dir='ltr'><strong>proximo</strong></span> <span class='ocrx_word' id='word_1_331' title='bbox 1059 2482 1115 2509; x_wconf 85' lang='lat' dir='ltr'><strong>im-</strong></span> 
     </span>
     <span class='ocr_line' id='line_1_49' title="bbox 335 2530 1115 2573; baseline -0.012 -8"><span class='ocrx_word' id='word_1_332' title='bbox 335 2537 537 2573; x_wconf 84' lang='lat' dir='ltr'><strong>pendendum.</strong></span> <span class='ocrx_word' id='word_1_333' title='bbox 559 2535 639 2562; x_wconf 87' lang='lat' dir='ltr'><strong>Unde</strong></span> <span class='ocrx_word' id='word_1_334' title='bbox 655 2533 760 2561; x_wconf 87' lang='lat' dir='ltr'><strong>dieitur</strong></span> <span class='ocrx_word' id='word_1_335' title='bbox 783 2532 811 2558; x_wconf 89' lang='lat' dir='ltr'><strong>in</strong></span> <span class='ocrx_word' id='word_1_336' title='bbox 832 2531 890 2559; x_wconf 85' lang='lat' dir='ltr'><strong>alio</strong></span> <span class='ocrx_word' id='word_1_337' title='bbox 915 2530 1030 2558; x_wconf 80' lang='lat' dir='ltr'><strong>Psalmo</strong></span> <span class='ocrx_word' id='word_1_338' title='bbox 1045 2531 1055 2546; x_wconf 54' lang='grc' dir='ltr'>ὃ</span> <span class='ocrx_word' id='word_1_339' title='bbox 1075 2540 1081 2556; x_wconf 92' lang='lat'>:</span> <span class='ocrx_word' id='word_1_340' title='bbox 1103 2541 1115 2553; x_wconf 76' lang='lat' dir='ltr'><strong>u</strong></span> 
     </span>
    </p>
   </div>
   <div class='ocr_carea' id='block_1_6' title="bbox 336 2617 1114 2759">
    <p class='ocr_par' dir='ltr' id='par_1_6' title="bbox 336 2617 1114 2759">
     <span class='ocr_line' id='line_1_50' title="bbox 369 2617 1113 2647; baseline -0.011 -2"><span class='ocrx_word' id='word_1_341' title='bbox 369 2624 373 2638; x_wconf 85' lang='lat'><strong>¹</strong></span> <span class='ocrx_word' id='word_1_342' title='bbox 398 2622 500 2645; x_wconf 67' lang='lat' dir='ltr'><strong>itit-rou.</strong></span> <span class='ocrx_word' id='word_1_343' title='bbox 517 2635 546 2638; x_wconf 94' lang='lat'><strong>—-</strong></span> <span class='ocrx_word' id='word_1_344' title='bbox 562 2622 569 2635; x_wconf 74' lang='lat'>³</span> <span class='ocrx_word' id='word_1_345' title='bbox 594 2621 694 2645; x_wconf 39' lang='lat' dir='ltr'><strong>{toi-atq</strong></span> <span class='ocrx_word' id='word_1_346' title='bbox 717 2618 760 2642; x_wconf 71' lang='lat' dir='ltr'><strong>litu.</strong></span> <span class='ocrx_word' id='word_1_347' title='bbox 785 2618 806 2646; x_wconf 77' lang='lat' dir='ltr'><strong>l,</strong></span> <span class='ocrx_word' id='word_1_348' title='bbox 827 2617 899 2647; x_wconf 63' lang='lat' dir='ltr'><strong>epist.</strong></span> <span class='ocrx_word' id='word_1_349' title='bbox 921 2623 926 2640; x_wconf 88' lang='lat'>1</span> <span class='ocrx_word' id='word_1_350' title='bbox 947 2635 953 2646; x_wconf 83' lang='lat'><strong>,</strong></span> <span class='ocrx_word' id='word_1_351' title='bbox 974 2622 1004 2646; x_wconf 51' lang='lat' dir='ltr'><strong>v„</strong></span> <span class='ocrx_word' id='word_1_352' title='bbox 1019 2617 1089 2639; x_wconf 68' lang='lat' dir='ltr'><strong>tin-70</strong></span> <span class='ocrx_word' id='word_1_353' title='bbox 1108 2622 1113 2638; x_wconf 92' lang='lat'>:</span> 
     </span>
     <span class='ocr_line' id='line_1_51' title="bbox 337 2651 1114 2685; baseline -0.009 -4"><span class='ocrx_word' id='word_1_354' title='bbox 337 2668 349 2681; x_wconf 78' lang='lat' dir='ltr'><strong>u</strong></span> <span class='ocrx_word' id='word_1_355' title='bbox 363 2659 494 2682; x_wconf 70' lang='lat' dir='ltr'><strong>Sinrermu</strong></span> <span class='ocrx_word' id='word_1_356' title='bbox 507 2660 541 2681; x_wconf 71' lang='lat' dir='ltr'><strong>est</strong></span> <span class='ocrx_word' id='word_1_357' title='bbox 559 2657 605 2680; x_wconf 82' lang='lat' dir='ltr'><strong>uisi</strong></span> <span class='ocrx_word' id='word_1_358' title='bbox 622 2663 675 2683; x_wconf 79' lang='lat' dir='ltr'><strong>vus,</strong></span> <span class='ocrx_word' id='word_1_359' title='bbox 687 2654 867 2685; x_wconf 74' lang='lat' dir='ltr'><strong>quodcumque</strong></span> <span class='ocrx_word' id='word_1_360' title='bbox 883 2652 1003 2682; x_wconf 67' lang='lat' dir='ltr'><strong>infundis,</strong></span> <span class='ocrx_word' id='word_1_361' title='bbox 1014 2651 1114 2675; x_wconf 70' lang='lat' dir='ltr'><strong>acessit.</strong></span> 
     </span>
     <span class='ocr_line' id='line_1_52' title="bbox 337 2687 1114 2722; baseline -0.014 -4"><span class='ocrx_word' id='word_1_362' title='bbox 337 2708 364 2711; x_wconf 97' lang='lat'><strong>—</strong></span> <span class='ocrx_word' id='word_1_363' title='bbox 383 2694 393 2710; x_wconf 80' lang='lat'><strong>³</strong></span> <span class='ocrx_word' id='word_1_364' title='bbox 410 2694 466 2718; x_wconf 66' lang='lat' dir='ltr'><strong>Viti.</strong></span> <span class='ocrx_word' id='word_1_365' title='bbox 483 2695 559 2716; x_wconf 75' lang='lat' dir='ltr'><strong>[loru.</strong></span> <span class='ocrx_word' id='word_1_366' title='bbox 576 2700 590 2715; x_wconf 76' lang='lat' dir='ltr'><strong>a</strong></span> <span class='ocrx_word' id='word_1_367' title='bbox 607 2693 678 2722; x_wconf 83' lang='lat' dir='ltr'><strong>Lup.,</strong></span> <span class='ocrx_word' id='word_1_368' title='bbox 693 2691 716 2714; x_wconf 88' lang='grc' dir='ltr'><strong>ἰιι</strong></span> <span class='ocrx_word' id='word_1_369' title='bbox 735 2691 817 2718; x_wconf 52' lang='lat' dir='ltr'><strong>mma,</strong></span> <span class='ocrx_word' id='word_1_370' title='bbox 839 2694 902 2714; x_wconf 74' lang='lat' dir='ltr'><strong>xxti.</strong></span> <span class='ocrx_word' id='word_1_371' title='bbox 917 2690 940 2710; x_wconf 76' lang='lat' dir='ltr'><strong>ti.</strong></span> <span class='ocrx_word' id='word_1_372' title='bbox 956 2701 986 2705; x_wconf 97' lang='lat'>—</span> <span class='ocrx_word' id='word_1_373' title='bbox 1002 2687 1011 2702; x_wconf 67' lang='lat'><strong>⁴</strong></span> <span class='ocrx_word' id='word_1_374' title='bbox 1032 2688 1114 2715; x_wconf 50' lang='lat' dir='ltr'><strong>Proin„</strong></span> 
     </span>
     <span class='ocr_line' id='line_1_53' title="bbox 336 2723 1112 2759; baseline -0.01 -5"><span class='ocrx_word' id='word_1_375' title='bbox 336 2727 722 2759; x_wconf 35' lang='lat' dir='ltr'><strong>xum—Minui.situel..tib.</strong></span> <span class='ocrx_word' id='word_1_376' title='bbox 737 2723 1112 2756; x_wconf 34' lang='lat' dir='ltr'><strong>1‚-·.v111.-==Psalmo-1151.</strong></span> 
     </span>
    </p>
   </div>
   <div class='ocr_carea' id='block_1_7' title="bbox 1159 309 1953 2515">
    <p class='ocr_par' dir='ltr' id='par_1_7' title="bbox 1161 309 1946 443">
     <span class='ocr_line' id='line_1_54' title="bbox 1161 309 1945 349; baseline 0.005 -10"><span class='ocrx_word' id='word_1_377' title='bbox 1161 309 1240 339; x_wconf 78' lang='lat' dir='ltr'><strong>Beati</strong></span> <span class='ocrx_word' id='word_1_378' title='bbox 1249 309 1433 340; x_wconf 85' lang='lat' dir='ltr'><strong>immaculati</strong></span> <span class='ocrx_word' id='word_1_379' title='bbox 1441 310 1474 340; x_wconf 86' lang='lat' dir='ltr'><strong>in</strong></span> <span class='ocrx_word' id='word_1_380' title='bbox 1482 310 1544 347; x_wconf 84' lang='lat' dir='ltr'><strong>via,</strong></span> <span class='ocrx_word' id='word_1_381' title='bbox 1555 321 1570 339; x_wconf 69' lang='grc' dir='ltr'><strong><em>ι</em></strong></span> <span class='ocrx_word' id='word_1_382' title='bbox 1582 311 1728 349; x_wconf 79' lang='lat' dir='ltr'><strong>quantum</strong></span> <span class='ocrx_word' id='word_1_383' title='bbox 1741 311 1784 342; x_wconf 81' lang='lat' dir='ltr'><strong>ad</strong></span> <span class='ocrx_word' id='word_1_384' title='bbox 1795 319 1945 343; x_wconf 75' lang='lat' dir='ltr'><strong>recessum</strong></span> 
     </span>
     <span class='ocr_line' id='line_1_55' title="bbox 1161 357 1946 398; baseline 0.004 -12"><span class='ocrx_word' id='word_1_385' title='bbox 1161 357 1269 387; x_wconf 86' lang='lat' dir='ltr'><strong>amalo</strong></span> <span class='ocrx_word' id='word_1_386' title='bbox 1276 367 1286 394; x_wconf 69' lang='grc' dir='ltr'><strong><em>ς</em></strong></span> <span class='ocrx_word' id='word_1_387' title='bbox 1300 367 1314 385; x_wconf 82' lang='grc' dir='ltr'>α</span> <span class='ocrx_word' id='word_1_388' title='bbox 1328 357 1382 395; x_wconf 86' lang='lat' dir='ltr'><strong>qui</strong></span> <span class='ocrx_word' id='word_1_389' title='bbox 1394 357 1552 387; x_wconf 87' lang='lat' dir='ltr'><strong>ambulant</strong></span> <span class='ocrx_word' id='word_1_390' title='bbox 1564 358 1596 387; x_wconf 90' lang='lat' dir='ltr'><strong>in</strong></span> <span class='ocrx_word' id='word_1_391' title='bbox 1607 358 1676 395; x_wconf 83' lang='lat' dir='ltr'><strong>lege</strong></span> <span class='ocrx_word' id='word_1_392' title='bbox 1685 359 1813 396; x_wconf 85' lang='lat' dir='ltr'><strong>Domini,</strong></span> <span class='ocrx_word' id='word_1_393' title='bbox 1823 369 1838 387; x_wconf 74' lang='grc' dir='ltr'><strong>ιο</strong></span> <span class='ocrx_word' id='word_1_394' title='bbox 1851 367 1946 398; x_wconf 84' lang='lat' dir='ltr'><strong>quan-</strong></span> 
     </span>
     <span class='ocr_line' id='line_1_56' title="bbox 1161 405 1662 443; baseline -0.002 -8"><span class='ocrx_word' id='word_1_395' title='bbox 1161 407 1224 436; x_wconf 88' lang='lat' dir='ltr'><strong>tum</strong></span> <span class='ocrx_word' id='word_1_396' title='bbox 1238 405 1277 435; x_wconf 87' lang='lat' dir='ltr'><strong>ad</strong></span> <span class='ocrx_word' id='word_1_397' title='bbox 1291 405 1513 443; x_wconf 84' lang='lat' dir='ltr'><strong>promotionem</strong></span> <span class='ocrx_word' id='word_1_398' title='bbox 1526 406 1558 435; x_wconf 91' lang='lat' dir='ltr'><strong>in</strong></span> <span class='ocrx_word' id='word_1_399' title='bbox 1569 405 1662 436; x_wconf 88' lang='lat' dir='ltr'><strong>bono.</strong></span> 
     </span>
    </p>

    <p class='ocr_par' dir='ltr' id='par_1_8' title="bbox 1159 452 1953 2515">
     <span class='ocr_line' id='line_1_57' title="bbox 1196 452 1946 493; baseline 0.004 -11"><span class='ocrx_word' id='word_1_400' title='bbox 1196 453 1292 482; x_wconf 88' lang='lat' dir='ltr'><strong>Tertia</strong></span> <span class='ocrx_word' id='word_1_401' title='bbox 1302 452 1458 482; x_wconf 84' lang='lat' dir='ltr'><strong>beatitudo</strong></span> <span class='ocrx_word' id='word_1_402' title='bbox 1472 455 1516 482; x_wconf 85' lang='lat' dir='ltr'><strong>est</strong></span> <span class='ocrx_word' id='word_1_403' title='bbox 1525 453 1683 482; x_wconf 86' lang='lat' dir='ltr'><strong>hominum</strong></span> <span class='ocrx_word' id='word_1_404' title='bbox 1692 454 1863 492; x_wconf 85' lang='lat' dir='ltr'><strong>beatorum,</strong></span> <span class='ocrx_word' id='word_1_405' title='bbox 1875 463 1946 493; x_wconf 82' lang='lat' dir='ltr'><strong>per-</strong></span> 
     </span>
     <span class='ocr_line' id='line_1_58' title="bbox 1159 499 1945 538; baseline 0.006 -10"><span class='ocrx_word' id='word_1_406' title='bbox 1159 499 1321 529; x_wconf 77' lang='lat' dir='ltr'><strong>fruentium</strong></span> <span class='ocrx_word' id='word_1_407' title='bbox 1342 499 1432 528; x_wconf 86' lang='lat' dir='ltr'><strong>bonis</strong></span> <span class='ocrx_word' id='word_1_408' title='bbox 1455 501 1582 530; x_wconf 84' lang='lat' dir='ltr'><strong>summis</strong></span> <span class='ocrx_word' id='word_1_409' title='bbox 1589 521 1599 536; x_wconf 94' lang='lat'><em>‚</em></span> <span class='ocrx_word' id='word_1_410' title='bbox 1617 501 1750 538; x_wconf 87' lang='lat' dir='ltr'><strong>pacificis</strong></span> <span class='ocrx_word' id='word_1_411' title='bbox 1769 504 1798 531; x_wconf 87' lang='lat' dir='ltr'><strong>et</strong></span> <span class='ocrx_word' id='word_1_412' title='bbox 1817 502 1945 533; x_wconf 79' lang='lat' dir='ltr'><strong>aeternis.</strong></span> 
     </span>
     <span class='ocr_line' id='line_1_59' title="bbox 1160 546 1946 586; baseline 0.005 -10"><span class='ocrx_word' id='word_1_413' title='bbox 1160 548 1193 576; x_wconf 87' lang='lat' dir='ltr'><strong>Et</strong></span> <span class='ocrx_word' id='word_1_414' title='bbox 1199 547 1262 576; x_wconf 83' lang='lat' dir='ltr'><strong>haec</strong></span> <span class='ocrx_word' id='word_1_415' title='bbox 1267 546 1422 576; x_wconf 84' lang='lat' dir='ltr'><strong>beatitudo</strong></span> <span class='ocrx_word' id='word_1_416' title='bbox 1428 554 1491 576; x_wconf 89' lang='lat' dir='ltr'><strong>non</strong></span> <span class='ocrx_word' id='word_1_417' title='bbox 1499 549 1609 577; x_wconf 73' lang='lat' dir='ltr'><strong>estune</strong></span> <span class='ocrx_word' id='word_1_418' title='bbox 1614 556 1684 577; x_wconf 90' lang='lat' dir='ltr'><strong>cum</strong></span> <span class='ocrx_word' id='word_1_419' title='bbox 1691 549 1790 586; x_wconf 85' lang='lat' dir='ltr'><strong>prima</strong></span> <span class='ocrx_word' id='word_1_420' title='bbox 1795 559 1805 585; x_wconf 91' lang='lat'>;</span> <span class='ocrx_word' id='word_1_421' title='bbox 1815 557 1871 579; x_wconf 87' lang='lat' dir='ltr'><strong>nec</strong></span> <span class='ocrx_word' id='word_1_422' title='bbox 1881 552 1946 580; x_wconf 82' lang='lat' dir='ltr'><strong>tan-</strong></span> 
     </span>
     <span class='ocr_line' id='line_1_60' title="bbox 1160 593 1947 630; baseline 0.008 -9"><span class='ocrx_word' id='word_1_423' title='bbox 1160 595 1223 622; x_wconf 91' lang='lat' dir='ltr'><strong>tum</strong></span> <span class='ocrx_word' id='word_1_424' title='bbox 1230 593 1313 622; x_wconf 86' lang='lat' dir='ltr'><strong>bona</strong></span> <span class='ocrx_word' id='word_1_425' title='bbox 1319 601 1389 622; x_wconf 89' lang='lat' dir='ltr'><strong>cum</strong></span> <span class='ocrx_word' id='word_1_426' title='bbox 1396 594 1539 630; x_wconf 89' lang='lat' dir='ltr'><strong>secunda;</strong></span> <span class='ocrx_word' id='word_1_427' title='bbox 1548 594 1602 624; x_wconf 86' lang='lat' dir='ltr'><strong>sed</strong></span> <span class='ocrx_word' id='word_1_428' title='bbox 1609 595 1694 624; x_wconf 87' lang='lat' dir='ltr'><strong>estin</strong></span> <span class='ocrx_word' id='word_1_429' title='bbox 1702 597 1826 625; x_wconf 85' lang='lat' dir='ltr'><strong>summis</strong></span> <span class='ocrx_word' id='word_1_430' title='bbox 1831 596 1947 627; x_wconf 75' lang='lat' dir='ltr'><strong>deliciis</strong></span> 
     </span>
     <span class='ocr_line' id='line_1_61' title="bbox 1161 640 1946 681; baseline 0.006 -12"><span class='ocrx_word' id='word_1_431' title='bbox 1161 640 1319 670; x_wconf 89' lang='lat' dir='ltr'><strong>constituta</strong></span> <span class='ocrx_word' id='word_1_432' title='bbox 1325 651 1334 677; x_wconf 68' lang='grc' dir='ltr'><strong><em>ς</em></strong></span> <span class='ocrx_word' id='word_1_433' title='bbox 1357 643 1386 669; x_wconf 89' lang='lat' dir='ltr'><strong>et</strong></span> <span class='ocrx_word' id='word_1_434' title='bbox 1400 641 1469 670; x_wconf 89' lang='lat' dir='ltr'><strong>ideo</strong></span> <span class='ocrx_word' id='word_1_435' title='bbox 1484 641 1548 670; x_wconf 88' lang='lat' dir='ltr'><strong>sola</strong></span> <span class='ocrx_word' id='word_1_436' title='bbox 1565 641 1708 679; x_wconf 77' lang='lat' dir='ltr'><strong>perfecta,</strong></span> <span class='ocrx_word' id='word_1_437' title='bbox 1720 643 1793 681; x_wconf 82' lang='lat' dir='ltr'><strong>quia</strong></span> <span class='ocrx_word' id='word_1_438' title='bbox 1808 643 1848 673; x_wconf 88' lang='lat' dir='ltr'><strong>ab</strong></span> <span class='ocrx_word' id='word_1_439' title='bbox 1862 645 1946 674; x_wconf 87' lang='lat' dir='ltr'><strong>omni</strong></span> 
     </span>
     <span class='ocr_line' id='line_1_62' title="bbox 1160 687 1944 728; baseline 0.008 -13"><span class='ocrx_word' id='word_1_440' title='bbox 1160 695 1283 724; x_wconf 90' lang='lat' dir='ltr'><strong>prorsus</strong></span> <span class='ocrx_word' id='word_1_441' title='bbox 1290 687 1372 716; x_wconf 89' lang='lat' dir='ltr'><strong>malo</strong></span> <span class='ocrx_word' id='word_1_442' title='bbox 1379 690 1504 723; x_wconf 79' lang='lat' dir='ltr'><strong>remota,</strong></span> <span class='ocrx_word' id='word_1_443' title='bbox 1511 690 1540 717; x_wconf 89' lang='lat' dir='ltr'><strong>et</strong></span> <span class='ocrx_word' id='word_1_444' title='bbox 1547 691 1590 717; x_wconf 89' lang='lat' dir='ltr'><strong>est</strong></span> <span class='ocrx_word' id='word_1_445' title='bbox 1597 689 1738 718; x_wconf 87' lang='lat' dir='ltr'><strong>omnibus</strong></span> <span class='ocrx_word' id='word_1_446' title='bbox 1745 689 1834 720; x_wconf 84' lang='lat' dir='ltr'><strong>bonis</strong></span> <span class='ocrx_word' id='word_1_447' title='bbox 1840 690 1944 728; x_wconf 76' lang='lat' dir='ltr'><strong>plena:</strong></span> 
     </span>
     <span class='ocr_line' id='line_1_63' title="bbox 1161 734 1947 776; baseline 0.006 -14"><span class='ocrx_word' id='word_1_448' title='bbox 1161 734 1233 771; x_wconf 85' lang='lat' dir='ltr'><strong>quia</strong></span> <span class='ocrx_word' id='word_1_449' title='bbox 1248 743 1363 768; x_wconf 82' lang='lat' dir='ltr'><strong>serena.</strong></span> <span class='ocrx_word' id='word_1_450' title='bbox 1383 735 1456 772; x_wconf 89' lang='lat' dir='ltr'><strong>quia</strong></span> <span class='ocrx_word' id='word_1_451' title='bbox 1473 735 1623 772; x_wconf 85' lang='lat' dir='ltr'><strong>jucunda,</strong></span> <span class='ocrx_word' id='word_1_452' title='bbox 1647 737 1719 774; x_wconf 87' lang='lat' dir='ltr'><strong>quia</strong></span> <span class='ocrx_word' id='word_1_453' title='bbox 1737 745 1856 774; x_wconf 83' lang='lat' dir='ltr'><strong>secura,</strong></span> <span class='ocrx_word' id='word_1_454' title='bbox 1873 738 1947 776; x_wconf 81' lang='lat' dir='ltr'><strong>quia</strong></span> 
     </span>
     <span class='ocr_line' id='line_1_64' title="bbox 1161 781 1946 819; baseline 0.005 -9"><span class='ocrx_word' id='word_1_455' title='bbox 1161 781 1297 818; x_wconf 86' lang='lat' dir='ltr'><strong>pacifica,</strong></span> <span class='ocrx_word' id='word_1_456' title='bbox 1314 782 1386 819; x_wconf 84' lang='lat' dir='ltr'><strong>quia</strong></span> <span class='ocrx_word' id='word_1_457' title='bbox 1400 784 1518 812; x_wconf 79' lang='lat' dir='ltr'><strong>aeterna.</strong></span> <span class='ocrx_word' id='word_1_458' title='bbox 1542 784 1607 812; x_wconf 80' lang='lat' dir='ltr'><strong>llaec</strong></span> <span class='ocrx_word' id='word_1_459' title='bbox 1622 786 1722 813; x_wconf 86' lang='lat' dir='ltr'><strong>autem</strong></span> <span class='ocrx_word' id='word_1_460' title='bbox 1736 784 1892 814; x_wconf 82' lang='lat' dir='ltr'><strong>beatitudo</strong></span> <span class='ocrx_word' id='word_1_461' title='bbox 1905 785 1946 814; x_wconf 79' lang='lat' dir='ltr'><strong>ad</strong></span> 
     </span>
     <span class='ocr_line' id='line_1_65' title="bbox 1161 829 1946 869; baseline 0.006 -13"><span class='ocrx_word' id='word_1_462' title='bbox 1161 836 1290 865; x_wconf 71' lang='lat' dir='ltr'><strong>praesens</strong></span> <span class='ocrx_word' id='word_1_463' title='bbox 1314 829 1446 858; x_wconf 80' lang='lat' dir='ltr'><strong>consistit</strong></span> <span class='ocrx_word' id='word_1_464' title='bbox 1468 830 1500 858; x_wconf 93' lang='lat' dir='ltr'><strong>in</strong></span> <span class='ocrx_word' id='word_1_465' title='bbox 1519 830 1625 867; x_wconf 89' lang='lat' dir='ltr'><strong>tribus,</strong></span> <span class='ocrx_word' id='word_1_466' title='bbox 1646 831 1757 860; x_wconf 90' lang='lat' dir='ltr'><strong>scilicet</strong></span> <span class='ocrx_word' id='word_1_467' title='bbox 1779 831 1895 869; x_wconf 84' lang='lat' dir='ltr'><strong>primo,</strong></span> <span class='ocrx_word' id='word_1_468' title='bbox 1915 831 1946 861; x_wconf 88' lang='lat' dir='ltr'><strong>in</strong></span> 
     </span>
     <span class='ocr_line' id='line_1_66' title="bbox 1162 875 1948 915; baseline 0.005 -11"><span class='ocrx_word' id='word_1_469' title='bbox 1162 875 1310 912; x_wconf 87' lang='lat' dir='ltr'><strong>videndo;</strong></span> <span class='ocrx_word' id='word_1_470' title='bbox 1326 877 1470 913; x_wconf 89' lang='lat' dir='ltr'><strong>secundo,</strong></span> <span class='ocrx_word' id='word_1_471' title='bbox 1490 877 1520 906; x_wconf 91' lang='lat' dir='ltr'><strong>in</strong></span> <span class='ocrx_word' id='word_1_472' title='bbox 1542 877 1710 914; x_wconf 84' lang='lat' dir='ltr'><strong>audiend03</strong></span> <span class='ocrx_word' id='word_1_473' title='bbox 1727 879 1823 914; x_wconf 85' lang='lat' dir='ltr'><strong>tertio,</strong></span> <span class='ocrx_word' id='word_1_474' title='bbox 1846 879 1878 907; x_wconf 93' lang='lat' dir='ltr'><strong>in</strong></span> <span class='ocrx_word' id='word_1_475' title='bbox 1892 886 1948 915; x_wconf 74' lang='lat' dir='ltr'><strong>gu-</strong></span> 
     </span>
     <span class='ocr_line' id='line_1_67' title="bbox 1161 923 1946 955; baseline 0.005 -4"><span class='ocrx_word' id='word_1_476' title='bbox 1161 923 1279 952; x_wconf 89' lang='lat' dir='ltr'><strong>stando.</strong></span> <span class='ocrx_word' id='word_1_477' title='bbox 1292 925 1366 952; x_wconf 86' lang='lat' dir='ltr'><strong>Nam</strong></span> <span class='ocrx_word' id='word_1_478' title='bbox 1381 924 1455 953; x_wconf 90' lang='lat' dir='ltr'><strong>sicut</strong></span> <span class='ocrx_word' id='word_1_479' title='bbox 1467 924 1498 952; x_wconf 88' lang='lat' dir='ltr'><strong>bi</strong></span> <span class='ocrx_word' id='word_1_480' title='bbox 1512 926 1571 953; x_wconf 87' lang='lat' dir='ltr'><strong>tres</strong></span> <span class='ocrx_word' id='word_1_481' title='bbox 1583 933 1686 954; x_wconf 87' lang='lat' dir='ltr'><strong>sensus</strong></span> <span class='ocrx_word' id='word_1_482' title='bbox 1698 925 1829 955; x_wconf 84' lang='lat' dir='ltr'><strong>maxime</strong></span> <span class='ocrx_word' id='word_1_483' title='bbox 1847 925 1946 955; x_wconf 87' lang='lat' dir='ltr'><strong>delec-</strong></span> 
     </span>
     <span class='ocr_line' id='line_1_68' title="bbox 1161 971 1944 1010; baseline 0.006 -12"><span class='ocrx_word' id='word_1_484' title='bbox 1161 971 1261 999; x_wconf 90' lang='lat' dir='ltr'><strong>tantur</strong></span> <span class='ocrx_word' id='word_1_485' title='bbox 1279 971 1310 999; x_wconf 92' lang='lat' dir='ltr'><strong>in</strong></span> <span class='ocrx_word' id='word_1_486' title='bbox 1329 971 1548 1008; x_wconf 77' lang='lat' dir='ltr'><strong>corporalibus,</strong></span> <span class='ocrx_word' id='word_1_487' title='bbox 1568 972 1610 1001; x_wconf 88' lang='lat' dir='ltr'><strong>sic</strong></span> <span class='ocrx_word' id='word_1_488' title='bbox 1631 974 1660 1001; x_wconf 92' lang='lat' dir='ltr'><strong>et</strong></span> <span class='ocrx_word' id='word_1_489' title='bbox 1679 973 1709 1001; x_wconf 90' lang='lat' dir='ltr'><strong>in</strong></span> <span class='ocrx_word' id='word_1_490' title='bbox 1731 973 1944 1010; x_wconf 83' lang='lat' dir='ltr'><strong>spiritualibus.</strong></span> 
     </span>
     <span class='ocr_line' id='line_1_69' title="bbox 1161 1017 1946 1056; baseline 0.006 -11"><span class='ocrx_word' id='word_1_491' title='bbox 1161 1017 1238 1052; x_wconf 88' lang='lat' dir='ltr'><strong>Quid</strong></span> <span class='ocrx_word' id='word_1_492' title='bbox 1257 1018 1338 1046; x_wconf 90' lang='lat' dir='ltr'><strong>enim</strong></span> <span class='ocrx_word' id='word_1_493' title='bbox 1362 1018 1577 1054; x_wconf 77' lang='lat' dir='ltr'><strong>delectabilius,</strong></span> <span class='ocrx_word' id='word_1_494' title='bbox 1602 1027 1694 1056; x_wconf 88' lang='lat' dir='ltr'><strong>quam</strong></span> <span class='ocrx_word' id='word_1_495' title='bbox 1719 1019 1820 1050; x_wconf 85' lang='lat' dir='ltr'><strong>videre</strong></span> <span class='ocrx_word' id='word_1_496' title='bbox 1843 1020 1946 1050; x_wconf 87' lang='lat' dir='ltr'><strong>lumen</strong></span> 
     </span>
     <span class='ocr_line' id='line_1_70' title="bbox 1161 1065 1945 1103; baseline 0.005 -10"><span class='ocrx_word' id='word_1_497' title='bbox 1161 1067 1325 1094; x_wconf 81' lang='lat' dir='ltr'><strong>oeternum‘?</strong></span> <span class='ocrx_word' id='word_1_498' title='bbox 1340 1065 1414 1102; x_wconf 86' lang='lat' dir='ltr'><strong>quid</strong></span> <span class='ocrx_word' id='word_1_499' title='bbox 1424 1066 1556 1101; x_wconf 87' lang='lat' dir='ltr'><strong>suavius,</strong></span> <span class='ocrx_word' id='word_1_500' title='bbox 1572 1074 1665 1103; x_wconf 88' lang='lat' dir='ltr'><strong>quam</strong></span> <span class='ocrx_word' id='word_1_501' title='bbox 1675 1067 1780 1096; x_wconf 87' lang='lat' dir='ltr'><strong>audire</strong></span> <span class='ocrx_word' id='word_1_502' title='bbox 1793 1075 1945 1097; x_wconf 88' lang='lat' dir='ltr'><strong>summum</strong></span> 
     </span>
     <span class='ocr_line' id='line_1_71' title="bbox 1163 1112 1944 1152; baseline 0.005 -12"><span class='ocrx_word' id='word_1_503' title='bbox 1163 1112 1319 1140; x_wconf 82' lang='lat' dir='ltr'><strong>docentem</strong></span> <span class='ocrx_word' id='word_1_504' title='bbox 1335 1113 1524 1148; x_wconf 71' lang='lat' dir='ltr'><strong>Magistrum?</strong></span> <span class='ocrx_word' id='word_1_505' title='bbox 1539 1113 1612 1150; x_wconf 90' lang='lat' dir='ltr'><strong>quid</strong></span> <span class='ocrx_word' id='word_1_506' title='bbox 1628 1113 1761 1149; x_wconf 88' lang='lat' dir='ltr'><strong>dulcius,</strong></span> <span class='ocrx_word' id='word_1_507' title='bbox 1782 1122 1875 1152; x_wconf 84' lang='lat' dir='ltr'><strong>quam</strong></span> <span class='ocrx_word' id='word_1_508' title='bbox 1889 1123 1944 1152; x_wconf 77' lang='lat' dir='ltr'><strong>pa-</strong></span> 
     </span>
     <span class='ocr_line' id='line_1_72' title="bbox 1161 1159 1946 1198; baseline 0.005 -11"><span class='ocrx_word' id='word_1_509' title='bbox 1161 1167 1231 1187; x_wconf 92' lang='lat' dir='ltr'><strong>nem</strong></span> <span class='ocrx_word' id='word_1_510' title='bbox 1243 1159 1331 1188; x_wconf 84' lang='lat' dir='ltr'><strong>istum</strong></span> <span class='ocrx_word' id='word_1_511' title='bbox 1343 1159 1493 1188; x_wconf 86' lang='lat' dir='ltr'><strong>coelestem</strong></span> <span class='ocrx_word' id='word_1_512' title='bbox 1515 1162 1543 1188; x_wconf 91' lang='lat' dir='ltr'><strong>et</strong></span> <span class='ocrx_word' id='word_1_513' title='bbox 1564 1160 1742 1190; x_wconf 86' lang='lat' dir='ltr'><strong>mellifluum</strong></span> <span class='ocrx_word' id='word_1_514' title='bbox 1766 1161 1946 1198; x_wconf 72' lang='lat' dir='ltr'><strong>degustare?</strong></span> 
     </span>
     <span class='ocr_line' id='line_1_73' title="bbox 1164 1207 1945 1244; baseline 0.006 -10"><span class='ocrx_word' id='word_1_515' title='bbox 1164 1207 1243 1241; x_wconf 86' lang='lat' dir='ltr'><strong>Dico,</strong></span> <span class='ocrx_word' id='word_1_516' title='bbox 1260 1207 1342 1244; x_wconf 88' lang='lat' dir='ltr'><strong>quod</strong></span> <span class='ocrx_word' id='word_1_517' title='bbox 1358 1207 1388 1235; x_wconf 92' lang='lat' dir='ltr'><strong>in</strong></span> <span class='ocrx_word' id='word_1_518' title='bbox 1410 1207 1461 1235; x_wconf 88' lang='lat' dir='ltr'><strong>illa</strong></span> <span class='ocrx_word' id='word_1_519' title='bbox 1482 1215 1601 1236; x_wconf 87' lang='lat' dir='ltr'><strong>summa</strong></span> <span class='ocrx_word' id='word_1_520' title='bbox 1618 1207 1801 1237; x_wconf 88' lang='lat' dir='ltr'><strong>beatitudine</strong></span> <span class='ocrx_word' id='word_1_521' title='bbox 1817 1209 1945 1239; x_wconf 82' lang='lat' dir='ltr'><strong>delecta-</strong></span> 
     </span>
     <span class='ocr_line' id='line_1_74' title="bbox 1163 1254 1947 1292; baseline 0.004 -10"><span class='ocrx_word' id='word_1_522' title='bbox 1163 1254 1222 1282; x_wconf 88' lang='lat' dir='ltr'><strong>bile</strong></span> <span class='ocrx_word' id='word_1_523' title='bbox 1238 1257 1280 1282; x_wconf 88' lang='lat' dir='ltr'><strong>est</strong></span> <span class='ocrx_word' id='word_1_524' title='bbox 1299 1254 1401 1283; x_wconf 85' lang='lat' dir='ltr'><strong>lumen</strong></span> <span class='ocrx_word' id='word_1_525' title='bbox 1423 1254 1524 1282; x_wconf 88' lang='lat' dir='ltr'><strong>videre</strong></span> <span class='ocrx_word' id='word_1_526' title='bbox 1544 1257 1697 1283; x_wconf 83' lang='lat' dir='ltr'><strong>aeternum.</strong></span> <span class='ocrx_word' id='word_1_527' title='bbox 1721 1255 1872 1292; x_wconf 89' lang='lat' dir='ltr'><strong>Numquid</strong></span> <span class='ocrx_word' id='word_1_528' title='bbox 1887 1255 1947 1285; x_wconf 84' lang='lat' dir='ltr'><strong>hoc</strong></span> 
     </span>
     <span class='ocr_line' id='line_1_75' title="bbox 1163 1301 1948 1339; baseline 0.004 -11"><span class='ocrx_word' id='word_1_529' title='bbox 1163 1304 1292 1337; x_wconf 68' lang='lat' dir='ltr'><strong>parum?</strong></span> <span class='ocrx_word' id='word_1_530' title='bbox 1315 1302 1337 1329; x_wconf 86' lang='lat' dir='ltr'><strong>si</strong></span> <span class='ocrx_word' id='word_1_531' title='bbox 1363 1301 1405 1329; x_wconf 85' lang='lat' dir='ltr'><strong>sic</strong></span> <span class='ocrx_word' id='word_1_532' title='bbox 1427 1301 1553 1330; x_wconf 87' lang='lat' dir='ltr'><strong>delectat</strong></span> <span class='ocrx_word' id='word_1_533' title='bbox 1574 1301 1696 1330; x_wconf 92' lang='lat' dir='ltr'><strong>oculum</strong></span> <span class='ocrx_word' id='word_1_534' title='bbox 1720 1302 1889 1339; x_wconf 88' lang='lat' dir='ltr'><strong>aquilinum</strong></span> <span class='ocrx_word' id='word_1_535' title='bbox 1903 1303 1948 1331; x_wconf 91' lang='lat' dir='ltr'><strong>in-</strong></span> 
     </span>
     <span class='ocr_line' id='line_1_76' title="bbox 1163 1349 1948 1387; baseline 0.004 -11"><span class='ocrx_word' id='word_1_536' title='bbox 1163 1351 1278 1377; x_wconf 87' lang='lat' dir='ltr'><strong>sontem</strong></span> <span class='ocrx_word' id='word_1_537' title='bbox 1294 1349 1466 1385; x_wconf 88' lang='lat' dir='ltr'><strong>conspicere</strong></span> <span class='ocrx_word' id='word_1_538' title='bbox 1482 1349 1577 1378; x_wconf 86' lang='lat' dir='ltr'><strong>solem</strong></span> <span class='ocrx_word' id='word_1_539' title='bbox 1599 1349 1703 1385; x_wconf 87' lang='lat' dir='ltr'><strong>istum,</strong></span> <span class='ocrx_word' id='word_1_540' title='bbox 1723 1353 1870 1387; x_wconf 88' lang='lat' dir='ltr'><strong>quantum</strong></span> <span class='ocrx_word' id='word_1_541' title='bbox 1895 1350 1948 1380; x_wconf 89' lang='lat' dir='ltr'><strong>de-</strong></span> 
     </span>
     <span class='ocr_line' id='line_1_77' title="bbox 1164 1396 1948 1434; baseline 0.003 -10"><span class='ocrx_word' id='word_1_542' title='bbox 1164 1396 1282 1424; x_wconf 86' lang='lat' dir='ltr'><strong>lectabit</strong></span> <span class='ocrx_word' id='word_1_543' title='bbox 1307 1396 1436 1425; x_wconf 88' lang='lat' dir='ltr'><strong>hominis</strong></span> <span class='ocrx_word' id='word_1_544' title='bbox 1460 1396 1659 1432; x_wconf 88' lang='lat' dir='ltr'><strong>intellectum,</strong></span> <span class='ocrx_word' id='word_1_545' title='bbox 1683 1397 1829 1434; x_wconf 85' lang='lat' dir='ltr'><strong>respicere</strong></span> <span class='ocrx_word' id='word_1_546' title='bbox 1853 1398 1948 1426; x_wconf 87' lang='lat' dir='ltr'><strong>solem</strong></span> 
     </span>
     <span class='ocr_line' id='line_1_78' title="bbox 1164 1443 1950 1479; baseline 0.003 -8"><span class='ocrx_word' id='word_1_547' title='bbox 1164 1445 1267 1477; x_wconf 85' lang='lat' dir='ltr'><strong>Deum,</strong></span> <span class='ocrx_word' id='word_1_548' title='bbox 1283 1443 1334 1479; x_wconf 91' lang='lat' dir='ltr'><strong>qui</strong></span> <span class='ocrx_word' id='word_1_549' title='bbox 1349 1443 1485 1472; x_wconf 89' lang='lat' dir='ltr'><strong>omnium</strong></span> <span class='ocrx_word' id='word_1_550' title='bbox 1499 1443 1592 1472; x_wconf 86' lang='lat' dir='ltr'><strong>factor</strong></span> <span class='ocrx_word' id='word_1_551' title='bbox 1611 1446 1654 1472; x_wconf 90' lang='lat' dir='ltr'><strong>est</strong></span> <span class='ocrx_word' id='word_1_552' title='bbox 1673 1444 1818 1473; x_wconf 84' lang='lat' dir='ltr'><strong>coelorum</strong></span> <span class='ocrx_word' id='word_1_553' title='bbox 1837 1446 1866 1473; x_wconf 85' lang='lat' dir='ltr'><strong>et</strong></span> <span class='ocrx_word' id='word_1_554' title='bbox 1882 1444 1950 1473; x_wconf 83' lang='lat' dir='ltr'><strong>stel-</strong></span> 
     </span>
     <span class='ocr_line' id='line_1_79' title="bbox 1164 1489 1950 1527; baseline 0.003 -9"><span class='ocrx_word' id='word_1_555' title='bbox 1164 1489 1272 1523; x_wconf 85' lang='lat' dir='ltr'><strong>larum,</strong></span> <span class='ocrx_word' id='word_1_556' title='bbox 1288 1498 1349 1527; x_wconf 89' lang='lat' dir='ltr'><strong>quo</strong></span> <span class='ocrx_word' id='word_1_557' title='bbox 1368 1491 1444 1525; x_wconf 88' lang='lat' dir='ltr'><strong>viso,</strong></span> <span class='ocrx_word' id='word_1_558' title='bbox 1461 1490 1599 1519; x_wconf 85' lang='lat' dir='ltr'><strong>videntur</strong></span> <span class='ocrx_word' id='word_1_559' title='bbox 1624 1491 1742 1526; x_wconf 89' lang='lat' dir='ltr'><strong>omnia,</strong></span> <span class='ocrx_word' id='word_1_560' title='bbox 1766 1491 1899 1520; x_wconf 86' lang='lat' dir='ltr'><strong>sciuntur</strong></span> <span class='ocrx_word' id='word_1_561' title='bbox 1919 1493 1950 1520; x_wconf 91' lang='lat' dir='ltr'><strong>et</strong></span> 
     </span>
     <span class='ocr_line' id='line_1_80' title="bbox 1165 1538 1947 1574; baseline 0.003 -9"><span class='ocrx_word' id='word_1_562' title='bbox 1165 1540 1386 1573; x_wconf 81' lang='lat' dir='ltr'><strong>cognoscuntur</strong></span> <span class='ocrx_word' id='word_1_563' title='bbox 1407 1538 1556 1572; x_wconf 83' lang='lat' dir='ltr'><strong>universa,</strong></span> <span class='ocrx_word' id='word_1_564' title='bbox 1580 1546 1647 1574; x_wconf 78' lang='lat' dir='ltr'><strong>quoe</strong></span> <span class='ocrx_word' id='word_1_565' title='bbox 1669 1538 1708 1566; x_wconf 87' lang='lat' dir='ltr'><strong>ad</strong></span> <span class='ocrx_word' id='word_1_566' title='bbox 1731 1538 1947 1567; x_wconf 87' lang='lat' dir='ltr'><strong>beatitudinem</strong></span> 
     </span>
     <span class='ocr_line' id='line_1_81' title="bbox 1165 1584 1949 1622; baseline 0.004 -11"><span class='ocrx_word' id='word_1_567' title='bbox 1165 1586 1232 1611; x_wconf 64' lang='lat' dir='ltr'><strong>&gt;unt</strong></span> <span class='ocrx_word' id='word_1_568' title='bbox 1248 1585 1438 1612; x_wconf 76' lang='lat' dir='ltr'><strong>necessaria?</strong></span> <span class='ocrx_word' id='word_1_569' title='bbox 1452 1584 1610 1620; x_wconf 77' lang='lat' dir='ltr'><strong>Gregorius</strong></span> <span class='ocrx_word' id='word_1_570' title='bbox 1624 1586 1634 1602; x_wconf 94' lang='lat'>⁷</span> <span class='ocrx_word' id='word_1_571' title='bbox 1650 1594 1657 1612; x_wconf 91' lang='lat'>:</span> <span class='ocrx_word' id='word_1_572' title='bbox 1682 1595 1695 1610; x_wconf 68' lang='grc' dir='ltr'><strong>α</strong></span> <span class='ocrx_word' id='word_1_573' title='bbox 1715 1585 1792 1619; x_wconf 85' lang='lat' dir='ltr'><strong>Quid</strong></span> <span class='ocrx_word' id='word_1_574' title='bbox 1808 1588 1851 1614; x_wconf 82' lang='lat' dir='ltr'><strong>est</strong></span> <span class='ocrx_word' id='word_1_575' title='bbox 1865 1585 1949 1622; x_wconf 87' lang='lat' dir='ltr'><strong>quod</strong></span> 
     </span>
     <span class='ocr_line' id='line_1_82' title="bbox 1167 1631 1950 1667; baseline 0.001 -8"><span class='ocrx_word' id='word_1_576' title='bbox 1167 1640 1226 1659; x_wconf 92' lang='lat' dir='ltr'><strong>non</strong></span> <span class='ocrx_word' id='word_1_577' title='bbox 1245 1631 1365 1659; x_wconf 73' lang='lat' dir='ltr'><strong>videant</strong></span> <span class='ocrx_word' id='word_1_578' title='bbox 1391 1631 1427 1667; x_wconf 81' lang='lat' dir='ltr'><strong>(b)</strong></span> <span class='ocrx_word' id='word_1_579' title='bbox 1449 1631 1509 1665; x_wconf 92' lang='lat' dir='ltr'><strong>ibi,</strong></span> <span class='ocrx_word' id='word_1_580' title='bbox 1531 1631 1582 1667; x_wconf 92' lang='lat' dir='ltr'><strong>qui</strong></span> <span class='ocrx_word' id='word_1_581' title='bbox 1608 1631 1760 1660; x_wconf 86' lang='lat' dir='ltr'><strong>videntem</strong></span> <span class='ocrx_word' id='word_1_582' title='bbox 1783 1633 1886 1661; x_wconf 84' lang='lat' dir='ltr'><strong>omnia</strong></span> <span class='ocrx_word' id='word_1_583' title='bbox 1909 1633 1950 1660; x_wconf 87' lang='lat' dir='ltr'><strong>vi-</strong></span> 
     </span>
     <span class='ocr_line' id='line_1_83' title="bbox 1167 1678 1951 1716; baseline 0.003 -10"><span class='ocrx_word' id='word_1_584' title='bbox 1167 1679 1237 1706; x_wconf 81' lang='lat' dir='ltr'><strong>dent</strong></span> <span class='ocrx_word' id='word_1_585' title='bbox 1255 1680 1307 1714; x_wconf 71' lang='lat'>(‹·)&#39;?</span> <span class='ocrx_word' id='word_1_586' title='bbox 1323 1690 1336 1704; x_wconf 85' lang='lat'>»</span> <span class='ocrx_word' id='word_1_587' title='bbox 1355 1679 1433 1706; x_wconf 83' lang='lat' dir='ltr'><strong>Sicut</strong></span> <span class='ocrx_word' id='word_1_588' title='bbox 1448 1678 1527 1706; x_wconf 89' lang='lat' dir='ltr'><strong>enim</strong></span> <span class='ocrx_word' id='word_1_589' title='bbox 1543 1678 1659 1713; x_wconf 70' lang='lat' dir='ltr'><strong>obiecta</strong></span> <span class='ocrx_word' id='word_1_590' title='bbox 1680 1678 1812 1707; x_wconf 88' lang='lat' dir='ltr'><strong>relucent</strong></span> <span class='ocrx_word' id='word_1_591' title='bbox 1832 1679 1861 1707; x_wconf 96' lang='lat' dir='ltr'><strong>in</strong></span> <span class='ocrx_word' id='word_1_592' title='bbox 1883 1687 1951 1716; x_wconf 83' lang='lat' dir='ltr'><strong>spe-</strong></span> 
     </span>
     <span class='ocr_line' id='line_1_84' title="bbox 1166 1725 1949 1761; baseline 0.001 -7"><span class='ocrx_word' id='word_1_593' title='bbox 1166 1726 1234 1754; x_wconf 84' lang='lat' dir='ltr'><strong>culo</strong></span> <span class='ocrx_word' id='word_1_594' title='bbox 1255 1725 1417 1759; x_wconf 84' lang='lat' dir='ltr'><strong>materiali,</strong></span> <span class='ocrx_word' id='word_1_595' title='bbox 1439 1725 1478 1753; x_wconf 88' lang='lat' dir='ltr'><strong>ita</strong></span> <span class='ocrx_word' id='word_1_596' title='bbox 1500 1726 1602 1753; x_wconf 84' lang='lat' dir='ltr'><strong>onmia</strong></span> <span class='ocrx_word' id='word_1_597' title='bbox 1625 1726 1743 1761; x_wconf 85' lang='lat' dir='ltr'><strong>objecta</strong></span> <span class='ocrx_word' id='word_1_598' title='bbox 1765 1726 1897 1755; x_wconf 88' lang='lat' dir='ltr'><strong>relucent</strong></span> <span class='ocrx_word' id='word_1_599' title='bbox 1918 1727 1949 1755; x_wconf 90' lang='lat' dir='ltr'><strong>in</strong></span> 
     </span>
     <span class='ocr_line' id='line_1_85' title="bbox 1166 1772 1950 1811; baseline 0.004 -12"><span class='ocrx_word' id='word_1_600' title='bbox 1166 1774 1288 1810; x_wconf 77' lang='lat' dir='ltr'><strong>speculo</strong></span> <span class='ocrx_word' id='word_1_601' title='bbox 1312 1773 1364 1801; x_wconf 92' lang='lat' dir='ltr'><strong>illo</strong></span> <span class='ocrx_word' id='word_1_602' title='bbox 1388 1775 1512 1807; x_wconf 75' lang='lat' dir='ltr'><strong>aeterno,</strong></span> <span class='ocrx_word' id='word_1_603' title='bbox 1534 1772 1617 1809; x_wconf 85' lang='lat' dir='ltr'><strong>quod</strong></span> <span class='ocrx_word' id='word_1_604' title='bbox 1641 1774 1684 1800; x_wconf 84' lang='lat' dir='ltr'><strong>est</strong></span> <span class='ocrx_word' id='word_1_605' title='bbox 1705 1784 1718 1799; x_wconf 75' lang='grc' dir='ltr'><strong>ιι</strong></span> <span class='ocrx_word' id='word_1_606' title='bbox 1738 1782 1786 1801; x_wconf 91' lang='lat' dir='ltr'><strong>ars</strong></span> <span class='ocrx_word' id='word_1_607' title='bbox 1805 1774 1845 1809; x_wconf 80' lang='lat' dir='ltr'><strong>(d)</strong></span> <span class='ocrx_word' id='word_1_608' title='bbox 1860 1774 1950 1811; x_wconf 83' lang='lat' dir='ltr'><strong>plena</strong></span> 
     </span>
     <span class='ocr_line' id='line_1_86' title="bbox 1167 1820 1950 1854; baseline 0.001 -6"><span class='ocrx_word' id='word_1_609' title='bbox 1167 1821 1303 1849; x_wconf 89' lang='lat' dir='ltr'><strong>omnium</strong></span> <span class='ocrx_word' id='word_1_610' title='bbox 1319 1821 1467 1848; x_wconf 80' lang='lat' dir='ltr'><strong>rationum</strong></span> <span class='ocrx_word' id='word_1_611' title='bbox 1490 1820 1664 1854; x_wconf 87' lang='lat' dir='ltr'><strong>viventium,</strong></span> <span class='ocrx_word' id='word_1_612' title='bbox 1678 1831 1688 1845; x_wconf 73' lang='lat' dir='ltr'><em>n</em></span> <span class='ocrx_word' id='word_1_613' title='bbox 1709 1820 1784 1848; x_wconf 91' lang='lat' dir='ltr'><strong>sicut</strong></span> <span class='ocrx_word' id='word_1_614' title='bbox 1805 1821 1876 1849; x_wconf 86' lang='lat' dir='ltr'><strong>dicit</strong></span> <span class='ocrx_word' id='word_1_615' title='bbox 1895 1823 1950 1850; x_wconf 79' lang='lat' dir='ltr'><strong>Au-</strong></span> 
     </span>
     <span class='ocr_line' id='line_1_87' title="bbox 1167 1867 1948 1903; baseline 0.001 -8"><span class='ocrx_word' id='word_1_616' title='bbox 1167 1868 1300 1903; x_wconf 80' lang='lat' dir='ltr'><strong>gustinus</strong></span> <span class='ocrx_word' id='word_1_617' title='bbox 1313 1869 1332 1895; x_wconf 78' lang='lat'><strong>⁸.</strong></span> <span class='ocrx_word' id='word_1_618' title='bbox 1350 1869 1424 1901; x_wconf 70' lang='lat' dir='ltr'><strong>Ergo</strong></span> <span class='ocrx_word' id='word_1_619' title='bbox 1444 1867 1467 1894; x_wconf 87' lang='lat' dir='ltr'><strong>si</strong></span> <span class='ocrx_word' id='word_1_620' title='bbox 1479 1867 1519 1894; x_wconf 82' lang='lat' dir='ltr'><strong>sic</strong></span> <span class='ocrx_word' id='word_1_621' title='bbox 1532 1867 1659 1895; x_wconf 85' lang='lat' dir='ltr'><strong>delectat</strong></span> <span class='ocrx_word' id='word_1_622' title='bbox 1674 1867 1839 1896; x_wconf 89' lang='lat' dir='ltr'><strong>humanum</strong></span> <span class='ocrx_word' id='word_1_623' title='bbox 1859 1868 1948 1896; x_wconf 87' lang='lat' dir='ltr'><strong>aflec-</strong></span> 
     </span>
     <span class='ocr_line' id='line_1_88' title="bbox 1169 1914 1947 1950; baseline 0.001 -8"><span class='ocrx_word' id='word_1_624' title='bbox 1169 1918 1229 1942; x_wconf 89' lang='lat' dir='ltr'><strong>tum</strong></span> <span class='ocrx_word' id='word_1_625' title='bbox 1246 1914 1346 1942; x_wconf 70' lang='lat' dir='ltr'><strong>videre</strong></span> <span class='ocrx_word' id='word_1_626' title='bbox 1361 1914 1614 1950; x_wconf 86' lang='lat' dir='ltr'><strong>pulchritudinem</strong></span> <span class='ocrx_word' id='word_1_627' title='bbox 1633 1914 1741 1942; x_wconf 90' lang='lat' dir='ltr'><strong>tlorum</strong></span> <span class='ocrx_word' id='word_1_628' title='bbox 1760 1917 1787 1942; x_wconf 87' lang='lat' dir='ltr'><strong>ot</strong></span> <span class='ocrx_word' id='word_1_629' title='bbox 1800 1923 1947 1950; x_wconf 89' lang='lat' dir='ltr'><strong>rosarum,</strong></span> 
     </span>
     <span class='ocr_line' id='line_1_89' title="bbox 1169 1961 1949 1996; baseline 0.001 -7"><span class='ocrx_word' id='word_1_630' title='bbox 1169 1962 1268 1989; x_wconf 84' lang='lat' dir='ltr'><strong>videre</strong></span> <span class='ocrx_word' id='word_1_631' title='bbox 1281 1962 1450 1989; x_wconf 82' lang='lat' dir='ltr'><strong>varietatem</strong></span> <span class='ocrx_word' id='word_1_632' title='bbox 1462 1961 1609 1996; x_wconf 90' lang='lat' dir='ltr'><strong>colorum,</strong></span> <span class='ocrx_word' id='word_1_633' title='bbox 1621 1961 1723 1989; x_wconf 82' lang='lat' dir='ltr'><strong>videre</strong></span> <span class='ocrx_word' id='word_1_634' title='bbox 1734 1961 1949 1990; x_wconf 78' lang='lat' dir='ltr'><strong>formositatem</strong></span> 
     </span>
     <span class='ocr_line' id='line_1_90' title="bbox 1169 2008 1949 2046; baseline 0 -10"><span class='ocrx_word' id='word_1_635' title='bbox 1169 2009 1333 2044; x_wconf 80' lang='lat' dir='ltr'><strong>imaginum</strong></span> <span class='ocrx_word' id='word_1_636' title='bbox 1352 2011 1379 2036; x_wconf 92' lang='lat' dir='ltr'><strong>et</strong></span> <span class='ocrx_word' id='word_1_637' title='bbox 1401 2008 1535 2036; x_wconf 88' lang='lat' dir='ltr'><strong>omnium</strong></span> <span class='ocrx_word' id='word_1_638' title='bbox 1558 2009 1752 2044; x_wconf 86' lang='lat' dir='ltr'><strong>picturarum,</strong></span> <span class='ocrx_word' id='word_1_639' title='bbox 1767 2008 1869 2037; x_wconf 86' lang='lat' dir='ltr'><strong>videre</strong></span> <span class='ocrx_word' id='word_1_640' title='bbox 1884 2008 1949 2046; x_wconf 91' lang='lat' dir='ltr'><strong>pul-</strong></span> 
     </span>
     <span class='ocr_line' id='line_1_91' title="bbox 1168 2054 1951 2090; baseline 0 -7"><span class='ocrx_word' id='word_1_641' title='bbox 1168 2055 1368 2083; x_wconf 81' lang='lat' dir='ltr'><strong>chritudinem</strong></span> <span class='ocrx_word' id='word_1_642' title='bbox 1381 2055 1534 2090; x_wconf 79' lang='lat' dir='ltr'><strong>facierum,</strong></span> <span class='ocrx_word' id='word_1_643' title='bbox 1549 2054 1651 2083; x_wconf 80' lang='lat' dir='ltr'><strong>videre</strong></span> <span class='ocrx_word' id='word_1_644' title='bbox 1662 2055 1863 2083; x_wconf 84' lang='lat' dir='ltr'><strong>amoenitatem</strong></span> <span class='ocrx_word' id='word_1_645' title='bbox 1873 2064 1951 2084; x_wconf 85' lang='lat' dir='ltr'><strong>cam-</strong></span> 
     </span>
     <span class='ocr_line' id='line_1_92' title="bbox 1169 2101 1950 2138; baseline 0.001 -8"><span class='ocrx_word' id='word_1_646' title='bbox 1169 2111 1287 2138; x_wconf 89' lang='lat' dir='ltr'><strong>porum,</strong></span> <span class='ocrx_word' id='word_1_647' title='bbox 1304 2102 1413 2138; x_wconf 84' lang='lat' dir='ltr'><strong>pariter</strong></span> <span class='ocrx_word' id='word_1_648' title='bbox 1434 2105 1461 2130; x_wconf 93' lang='lat' dir='ltr'><strong>et</strong></span> <span class='ocrx_word' id='word_1_649' title='bbox 1482 2104 1646 2137; x_wconf 83' lang='lat' dir='ltr'><strong>pratorum,</strong></span> <span class='ocrx_word' id='word_1_650' title='bbox 1662 2101 1764 2130; x_wconf 86' lang='lat' dir='ltr'><strong>videre</strong></span> <span class='ocrx_word' id='word_1_651' title='bbox 1787 2110 1888 2131; x_wconf 76' lang='lat' dir='ltr'><strong>comas</strong></span> <span class='ocrx_word' id='word_1_652' title='bbox 1902 2111 1950 2131; x_wconf 80' lang='lat' dir='ltr'><strong>ar·</strong></span> 
     </span>
     <span class='ocr_line' id='line_1_93' title="bbox 1170 2149 1951 2186; baseline 0 -8"><span class='ocrx_word' id='word_1_653' title='bbox 1170 2150 1289 2184; x_wconf 89' lang='lat' dir='ltr'><strong>borum,</strong></span> <span class='ocrx_word' id='word_1_654' title='bbox 1310 2152 1337 2177; x_wconf 87' lang='lat' dir='ltr'><strong>et</strong></span> <span class='ocrx_word' id='word_1_655' title='bbox 1358 2151 1540 2177; x_wconf 79' lang='lat' dir='ltr'><strong>venustatem</strong></span> <span class='ocrx_word' id='word_1_656' title='bbox 1555 2152 1717 2184; x_wconf 87' lang='lat' dir='ltr'><strong>astrorum;</strong></span> <span class='ocrx_word' id='word_1_657' title='bbox 1735 2152 1879 2186; x_wconf 83' lang='lat' dir='ltr'><strong>quantum</strong></span> <span class='ocrx_word' id='word_1_658' title='bbox 1899 2149 1951 2178; x_wconf 87' lang='lat' dir='ltr'><strong>de-</strong></span> 
     </span>
     <span class='ocr_line' id='line_1_94' title="bbox 1169 2195 1951 2231; baseline 0.001 -7"><span class='ocrx_word' id='word_1_659' title='bbox 1169 2196 1288 2224; x_wconf 83' lang='lat' dir='ltr'><strong>lectabit</strong></span> <span class='ocrx_word' id='word_1_660' title='bbox 1311 2196 1412 2224; x_wconf 82' lang='lat' dir='ltr'><strong>videre</strong></span> <span class='ocrx_word' id='word_1_661' title='bbox 1434 2195 1687 2231; x_wconf 85' lang='lat' dir='ltr'><strong>pulchritudinem</strong></span> <span class='ocrx_word' id='word_1_662' title='bbox 1705 2196 1841 2224; x_wconf 89' lang='lat' dir='ltr'><strong>omnium</strong></span> <span class='ocrx_word' id='word_1_663' title='bbox 1861 2204 1951 2225; x_wconf 85' lang='lat' dir='ltr'><strong>saecu-</strong></span> 
     </span>
     <span class='ocr_line' id='line_1_95' title="bbox 1171 2242 1951 2280; baseline 0 -8"><span class='ocrx_word' id='word_1_664' title='bbox 1171 2244 1267 2272; x_wconf 88' lang='lat' dir='ltr'><strong>lorum</strong></span> <span class='ocrx_word' id='word_1_665' title='bbox 1293 2243 1461 2271; x_wconf 74' lang='lat' dir='ltr'><strong>creatoris?</strong></span> <span class='ocrx_word' id='word_1_666' title='bbox 1489 2243 1516 2270; x_wconf 82' lang='lat' dir='ltr'><strong>Si</strong></span> <span class='ocrx_word' id='word_1_667' title='bbox 1545 2243 1586 2270; x_wconf 79' lang='lat' dir='ltr'><strong>sic</strong></span> <span class='ocrx_word' id='word_1_668' title='bbox 1610 2242 1737 2271; x_wconf 85' lang='lat' dir='ltr'><strong>delectat</strong></span> <span class='ocrx_word' id='word_1_669' title='bbox 1760 2243 1951 2280; x_wconf 85' lang='lat' dir='ltr'><strong>pulchritudo</strong></span> 
     </span>
     <span class='ocr_line' id='line_1_96' title="bbox 1171 2290 1951 2327; baseline -0.001 -8"><span class='ocrx_word' id='word_1_670' title='bbox 1171 2294 1278 2324; x_wconf 74' lang='lat' dir='ltr'><strong>creata,</strong></span> <span class='ocrx_word' id='word_1_671' title='bbox 1302 2291 1440 2323; x_wconf 86' lang='lat' dir='ltr'><strong>limitata,</strong></span> <span class='ocrx_word' id='word_1_672' title='bbox 1462 2290 1646 2325; x_wconf 81' lang='lat' dir='ltr'><strong>temporalis,</strong></span> <span class='ocrx_word' id='word_1_673' title='bbox 1672 2290 1855 2325; x_wconf 84' lang='lat' dir='ltr'><strong>transitoria,</strong></span> <span class='ocrx_word' id='word_1_674' title='bbox 1877 2291 1951 2327; x_wconf 91' lang='lat' dir='ltr'><strong>quid</strong></span> 
     </span>
     <span class='ocr_line' id='line_1_97' title="bbox 1170 2337 1952 2373; baseline 0.003 -9"><span class='ocrx_word' id='word_1_675' title='bbox 1170 2339 1254 2366; x_wconf 80' lang='lat' dir='ltr'><strong>saciet</strong></span> <span class='ocrx_word' id='word_1_676' title='bbox 1269 2338 1407 2369; x_wconf 82' lang='lat' dir='ltr'><strong>increata,</strong></span> <span class='ocrx_word' id='word_1_677' title='bbox 1425 2337 1580 2370; x_wconf 72' lang='lat' dir='ltr'><strong>immensa,</strong></span> <span class='ocrx_word' id='word_1_678' title='bbox 1597 2345 1775 2373; x_wconf 87' lang='lat' dir='ltr'><strong>permanens</strong></span> <span class='ocrx_word' id='word_1_679' title='bbox 1786 2340 1952 2366; x_wconf 78' lang='lat' dir='ltr'><strong>etaeterna?</strong></span> 
     </span>
     <span class='ocr_line' id='line_1_98' title="bbox 1173 2384 1953 2421; baseline 0 -8"><span class='ocrx_word' id='word_1_680' title='bbox 1173 2387 1203 2413; x_wconf 79' lang='lat' dir='ltr'><strong>Et</strong></span> <span class='ocrx_word' id='word_1_681' title='bbox 1218 2387 1374 2421; x_wconf 85' lang='lat' dir='ltr'><strong>propterea</strong></span> <span class='ocrx_word' id='word_1_682' title='bbox 1389 2384 1497 2412; x_wconf 82' lang='lat' dir='ltr'><strong>dicitur</strong></span> <span class='ocrx_word' id='word_1_683' title='bbox 1511 2385 1521 2400; x_wconf 40' lang='grc' dir='ltr'><strong>ξ’</strong></span> <span class='ocrx_word' id='word_1_684' title='bbox 1539 2394 1545 2411; x_wconf 87' lang='lat'>:</span> <span class='ocrx_word' id='word_1_685' title='bbox 1566 2395 1578 2409; x_wconf 89' lang='lat'>«</span> <span class='ocrx_word' id='word_1_686' title='bbox 1592 2384 1668 2412; x_wconf 84' lang='lat' dir='ltr'><strong>Beati</strong></span> <span class='ocrx_word' id='word_1_687' title='bbox 1686 2384 1776 2418; x_wconf 88' lang='lat' dir='ltr'><strong>oculi,</strong></span> <span class='ocrx_word' id='word_1_688' title='bbox 1789 2384 1953 2420; x_wconf 87' lang='lat' dir='ltr'><strong>quivident</strong></span> 
     </span>
     <span class='ocr_line' id='line_1_99' title="bbox 1172 2430 1950 2468; baseline 0 -9"><span class='ocrx_word' id='word_1_689' title='bbox 1172 2440 1238 2468; x_wconf 78' lang='lat' dir='ltr'><strong>quae</strong></span> <span class='ocrx_word' id='word_1_690' title='bbox 1253 2440 1306 2459; x_wconf 80' lang='lat' dir='ltr'><strong>vos</strong></span> <span class='ocrx_word' id='word_1_691' title='bbox 1323 2431 1437 2459; x_wconf 81' lang='lat' dir='ltr'><strong>videtis.</strong></span> <span class='ocrx_word' id='word_1_692' title='bbox 1464 2442 1477 2457; x_wconf 74' lang='lat' dir='ltr'><strong>u</strong></span> <span class='ocrx_word' id='word_1_693' title='bbox 1496 2431 1562 2466; x_wconf 85' lang='lat' dir='ltr'><strong>Ejus</strong></span> <span class='ocrx_word' id='word_1_694' title='bbox 1585 2430 1659 2458; x_wconf 87' lang='lat' dir='ltr'><strong>visio</strong></span> <span class='ocrx_word' id='word_1_695' title='bbox 1676 2433 1735 2458; x_wconf 87' lang='lat' dir='ltr'><strong>tam</strong></span> <span class='ocrx_word' id='word_1_696' title='bbox 1747 2431 1883 2466; x_wconf 79' lang='lat' dir='ltr'><strong>jucunda</strong></span> <span class='ocrx_word' id='word_1_697' title='bbox 1898 2434 1950 2466; x_wconf 86' lang='lat' dir='ltr'><strong>est,</strong></span> 
     </span>
     <span class='ocr_line' id='line_1_100' title="bbox 1173 2477 1952 2515; baseline 0 -8"><span class='ocrx_word' id='word_1_698' title='bbox 1173 2479 1255 2515; x_wconf 80' lang='lat' dir='ltr'><strong>quod</strong></span> <span class='ocrx_word' id='word_1_699' title='bbox 1269 2479 1291 2506; x_wconf 87' lang='lat' dir='ltr'><strong>si</strong></span> <span class='ocrx_word' id='word_1_700' title='bbox 1304 2479 1369 2515; x_wconf 85' lang='lat' dir='ltr'><strong>quis</strong></span> <span class='ocrx_word' id='word_1_701' title='bbox 1382 2479 1411 2506; x_wconf 89' lang='lat' dir='ltr'><strong>in</strong></span> <span class='ocrx_word' id='word_1_702' title='bbox 1426 2478 1541 2506; x_wconf 81' lang='lat' dir='ltr'><strong>inferno</strong></span> <span class='ocrx_word' id='word_1_703' title='bbox 1558 2477 1703 2511; x_wconf 79' lang='lat' dir='ltr'><strong>existeret,</strong></span> <span class='ocrx_word' id='word_1_704' title='bbox 1719 2480 1747 2506; x_wconf 89' lang='lat' dir='ltr'><strong>et</strong></span> <span class='ocrx_word' id='word_1_705' title='bbox 1762 2479 1854 2506; x_wconf 88' lang='lat' dir='ltr'><strong>Deum</strong></span> <span class='ocrx_word' id='word_1_706' title='bbox 1868 2478 1952 2507; x_wconf 88' lang='lat' dir='ltr'><strong>vide-</strong></span> 
     </span>
    </p>
   </div>
   <div class='ocr_carea' id='block_1_8' title="bbox 1172 2565 1951 2751">
    <p class='ocr_par' dir='ltr' id='par_1_9' title="bbox 1172 2565 1951 2670">
     <span class='ocr_line' id='line_1_101' title="bbox 1172 2565 1951 2598; baseline 0.006 -12"><span class='ocrx_word' id='word_1_707' title='bbox 1172 2581 1202 2586; x_wconf 80' lang='grc'>-</span> <span class='ocrx_word' id='word_1_708' title='bbox 1220 2569 1229 2584; x_wconf 72' lang='lat'><strong>*1</strong></span> <span class='ocrx_word' id='word_1_709' title='bbox 1244 2570 1329 2598; x_wconf 65' lang='lat' dir='ltr'><strong>tireg.y</strong></span> <span class='ocrx_word' id='word_1_710' title='bbox 1357 2567 1458 2597; x_wconf 56' lang='lat' dir='ltr'><strong>litor-al„</strong></span> <span class='ocrx_word' id='word_1_711' title='bbox 1477 2565 1519 2589; x_wconf 93' lang='lat' dir='ltr'><strong>tib.</strong></span> <span class='ocrx_word' id='word_1_712' title='bbox 1541 2566 1558 2589; x_wconf 99' lang='grc' dir='ltr'><strong>ΙΙ</strong></span> <span class='ocrx_word' id='word_1_713' title='bbox 1573 2583 1579 2594; x_wconf 84' lang='lat'>‚</span> <span class='ocrx_word' id='word_1_714' title='bbox 1603 2573 1623 2589; x_wconf 50' lang='lat' dir='ltr'><strong>c,</strong></span> <span class='ocrx_word' id='word_1_715' title='bbox 1644 2571 1686 2596; x_wconf 74' lang='grc' dir='ltr'><strong>ιιι,</strong></span> <span class='ocrx_word' id='word_1_716' title='bbox 1703 2572 1728 2589; x_wconf 89' lang='lat' dir='ltr'><strong>u.</strong></span> <span class='ocrx_word' id='word_1_717' title='bbox 1747 2568 1776 2597; x_wconf 79' lang='lat'><strong>3,</strong></span> <span class='ocrx_word' id='word_1_718' title='bbox 1795 2569 1819 2590; x_wconf 79' lang='lat' dir='ltr'><strong>et</strong></span> <span class='ocrx_word' id='word_1_719' title='bbox 1840 2567 1951 2597; x_wconf 61' lang='lat' dir='ltr'><strong>Dialem..</strong></span> 
     </span>
     <span class='ocr_line' id='line_1_102' title="bbox 1173 2601 1935 2633; baseline -0.001 -5"><span class='ocrx_word' id='word_1_720' title='bbox 1173 2605 1216 2628; x_wconf 88' lang='lat' dir='ltr'><strong>tib.</strong></span> <span class='ocrx_word' id='word_1_721' title='bbox 1242 2605 1283 2633; x_wconf 70' lang='grc' dir='ltr'><strong>ΙΥ,</strong></span> <span class='ocrx_word' id='word_1_722' title='bbox 1304 2612 1325 2627; x_wconf 81' lang='lat' dir='ltr'><strong>c.</strong></span> <span class='ocrx_word' id='word_1_723' title='bbox 1348 2609 1441 2627; x_wconf 74' lang='lat' dir='ltr'><strong>xxxiii.</strong></span> <span class='ocrx_word' id='word_1_724' title='bbox 1455 2615 1485 2619; x_wconf 98' lang='lat'><strong>—</strong></span> <span class='ocrx_word' id='word_1_725' title='bbox 1507 2601 1517 2616; x_wconf 79' lang='lat'><strong>’⁵</strong></span> <span class='ocrx_word' id='word_1_726' title='bbox 1533 2602 1650 2631; x_wconf 64' lang='lat' dir='ltr'><strong>August„</strong></span> <span class='ocrx_word' id='word_1_727' title='bbox 1675 2601 1704 2625; x_wconf 77' lang='lat' dir='ltr'><strong>de</strong></span> <span class='ocrx_word' id='word_1_728' title='bbox 1722 2602 1824 2633; x_wconf 63' lang='lat' dir='ltr'><strong>Trium,</strong></span> <span class='ocrx_word' id='word_1_729' title='bbox 1844 2602 1878 2627; x_wconf 90' lang='lat' dir='ltr'><strong>lib</strong></span> <span class='ocrx_word' id='word_1_730' title='bbox 1905 2603 1935 2627; x_wconf 75' lang='lat' dir='ltr'><strong>Vl</strong></span> 
     </span>
     <span class='ocr_line' id='line_1_103' title="bbox 1173 2639 1542 2670; baseline -0.008 -6"><span class='ocrx_word' id='word_1_731' title='bbox 1173 2647 1199 2670; x_wconf 85' lang='lat' dir='ltr'><strong>x,</strong></span> <span class='ocrx_word' id='word_1_732' title='bbox 1220 2642 1253 2664; x_wconf 90' lang='lat' dir='ltr'><strong>tt.</strong></span> <span class='ocrx_word' id='word_1_733' title='bbox 1271 2653 1300 2657; x_wconf 95' lang='lat'><strong>—</strong></span> <span class='ocrx_word' id='word_1_734' title='bbox 1317 2642 1325 2650; x_wconf 88' lang='grc'><strong>“’</strong></span> <span class='ocrx_word' id='word_1_735' title='bbox 1345 2640 1376 2663; x_wconf 94' lang='grc' dir='ltr'><strong>ΙΙΙ</strong></span> <span class='ocrx_word' id='word_1_736' title='bbox 1395 2639 1462 2669; x_wconf 64' lang='grc' dir='ltr'><strong>Κεφ,</strong></span> <span class='ocrx_word' id='word_1_737' title='bbox 1477 2643 1502 2667; x_wconf 80' lang='lat' dir='ltr'><strong>x,</strong></span> <span class='ocrx_word' id='word_1_738' title='bbox 1519 2639 1542 2661; x_wconf 75' lang='grc' dir='ltr'><strong>ὃ.</strong></span> 
     </span>
    </p>

    <p class='ocr_par' dir='ltr' id='par_1_10' title="bbox 1173 2681 1947 2751">
     <span class='ocr_line' id='line_1_104' title="bbox 1205 2681 1947 2715; baseline 0 -8"><span class='ocrx_word' id='word_1_739' title='bbox 1205 2686 1235 2713; x_wconf 63' lang='grc' dir='ltr'><strong>(α’,</strong></span> <span class='ocrx_word' id='word_1_740' title='bbox 1255 2686 1310 2715; x_wconf 72' lang='lat' dir='ltr'><strong>Ley.</strong></span> <span class='ocrx_word' id='word_1_741' title='bbox 1335 2690 1435 2707; x_wconf 81' lang='lat' dir='ltr'><strong>morum</strong></span> <span class='ocrx_word' id='word_1_742' title='bbox 1459 2682 1527 2706; x_wconf 65' lang='lat' dir='ltr'><strong>vitia.</strong></span> <span class='ocrx_word' id='word_1_743' title='bbox 1543 2695 1574 2699; x_wconf 93' lang='lat'><strong>—-</strong></span> <span class='ocrx_word' id='word_1_744' title='bbox 1594 2681 1627 2712; x_wconf 72' lang='lat' dir='ltr'><strong>(bl</strong></span> <span class='ocrx_word' id='word_1_745' title='bbox 1645 2683 1705 2706; x_wconf 60' lang='lat' dir='ltr'><strong>Cret.</strong></span> <span class='ocrx_word' id='word_1_746' title='bbox 1725 2683 1787 2706; x_wconf 74' lang='grc' dir='ltr'><em>νιΙιΙ.</em></span> <span class='ocrx_word' id='word_1_747' title='bbox 1812 2683 1904 2707; x_wconf 82' lang='lat' dir='ltr'><strong>vident.</strong></span> <span class='ocrx_word' id='word_1_748' title='bbox 1923 2697 1947 2701; x_wconf 91' lang='lat'><strong>--</strong></span> 
     </span>
     <span class='ocr_line' id='line_1_105' title="bbox 1173 2718 1696 2751; baseline -0.004 -8"><span class='ocrx_word' id='word_1_749' title='bbox 1173 2722 1204 2751; x_wconf 65' lang='lat' dir='ltr'><strong>(r)</strong></span> <span class='ocrx_word' id='word_1_750' title='bbox 1223 2722 1282 2745; x_wconf 75' lang='lat' dir='ltr'><strong>Item</strong></span> <span class='ocrx_word' id='word_1_751' title='bbox 1300 2720 1376 2744; x_wconf 83' lang='lat' dir='ltr'><strong>videt.</strong></span> <span class='ocrx_word' id='word_1_752' title='bbox 1390 2733 1420 2737; x_wconf 98' lang='lat'><strong>—</strong></span> <span class='ocrx_word' id='word_1_753' title='bbox 1435 2718 1468 2749; x_wconf 75' lang='lat' dir='ltr'><strong>(dl</strong></span> <span class='ocrx_word' id='word_1_754' title='bbox 1487 2719 1561 2742; x_wconf 77' lang='lat' dir='ltr'><strong>Forte</strong></span> <span class='ocrx_word' id='word_1_755' title='bbox 1576 2718 1623 2749; x_wconf 75' lang='lat' dir='ltr'><strong>[ey.</strong></span> <span class='ocrx_word' id='word_1_756' title='bbox 1641 2725 1696 2742; x_wconf 76' lang='lat' dir='ltr'><strong>arx.</strong></span> 
     </span>
    </p>
   </div>
  </div>
 </body>
</html>
