2029 3052
310 184 371 215 612

545 304 749 346 QUAESTIO
772 305 849 341 XV.

331 393 374 421 An
392 399 481 421 omnes
498 394 633 422 venientes
651 393 689 422 ad
704 394 863 430 religionem
879 393 908 421 S.
928 394 1067 422 Francisci

578 439 637 467 sint
654 438 817 475 recipiendi.

348 521 429 553 ltem
452 530 565 562 quaero
589 532 597 554 ε
624 521 705 554 Cum
731 523 905 554 multitudo
932 523 974 554 sit
1000 531 1088 564 saepe

307 575 431 608 occasio
441 575 650 616 confusionis,
665 585 703 608 eo
713 577 800 618 quod
813 577 886 618 regi
897 585 964 608 non
975 576 1086 618 possit,

308 640 367 663 cur
399 631 619 673 multiplicatis
652 642 827 665 numerum
850 633 884 665 in
907 631 1088 674 recipiendo

307 685 450 724 inutiles,
466 688 497 718 et
511 686 650 718 oneratis
663 696 722 719 vos
736 687 832 728 ipsos,
848 689 881 719 et
895 687 992 719 alios?

346 739 534 780 Respondeo
550 751 558 771 :
576 739 708 772 Inutiles
726 741 859 773 omnino
874 741 1010 773 scienter
1022 750 1086 773 non

305 794 492 835 recipimus,
507 794 562 826 sed
578 797 696 835 praeter
705 804 796 836 spem
806 797 951 827 nostram
964 795 1088 836 aliquo-

305 847 388 880 tiens
411 848 456 879 sic
483 848 654 889 contingit.
686 848 831 887 Quatuor
863 849 949 881 enim
983 849 1087 881 causis

305 895 446 934 solemus
471 902 614 943 recipere
637 904 910 944 supervenientes,
939 903 1007 936 Una
1039 905 1088 935 est

305 955 484 996 compassio
499 956 688 997 perditionis
709 965 834 996 eorum,
853 957 909 998 qui
923 957 981 988 vix
995 959 1087 989 extra

307 1009 458 1042 Ordinem
483 1010 516 1040 in
540 1010 659 1041 saeculo
679 1010 902 1050 salvarentur,
927 1011 1010 1042 sicut
1031 1011 1088 1052 qui

305 1063 344 1096 de
366 1064 443 1103 igne
465 1064 513 1096 vel
523 1073 606 1105 aqua
615 1064 848 1105 periclitantem
863 1066 966 1105 rapit,
982 1065 1034 1096 vel
1048 1065 1087 1096 de

304 1117 368 1150 alio
380 1118 573 1150 discrimine.
590 1118 747 1158 Secunda,
762 1122 892 1160 propter
906 1119 1085 1160 profectum

304 1170 442 1211 Ordinis,
460 1172 570 1212 quiex
585 1172 732 1211 scientia,
756 1175 787 1204 et
809 1173 967 1204 industria
982 1197 990 1211 ,
1012 1182 1086 1205 mo-

303 1234 379 1256 rum
402 1225 568 1257 honestate
594 1228 626 1257 et
654 1226 835 1257 reverentia
870 1227 1086 1267 quorumdam

303 1278 432 1310 futurus
440 1280 658 1320 praesumitur.
676 1279 794 1319 Tertia,
807 1283 936 1320 propter
947 1280 1085 1312 aliorum

304 1332 560 1370 aedificationem,
578 1335 614 1364 ut
630 1333 722 1364 multi
740 1334 780 1365 de
790 1334 903 1365 talium
918 1343 1086 1366 conversa-

303 1386 402 1424 tione,
413 1386 470 1427 qui
480 1386 588 1427 aliquo
599 1387 694 1418 modo
707 1390 781 1418 sunt
790 1388 902 1419 famosi
910 1388 943 1419 in
953 1389 1082 1427 saeculo,

303 1440 535 1480 emendentur,
552 1443 709 1472 eteorum
730 1442 903 1473 incitentur
923 1443 1082 1484 exemplo.

303 1491 438 1532 Quarta,
461 1495 590 1533 propter
611 1502 742 1533 precum
764 1494 963 1533 instantiam,
986 1505 1083 1536 quam

302 1547 361 1587 ipsi
377 1547 495 1578 faciunt
510 1556 568 1588 pro
581 1557 625 1586 se,
642 1550 671 1578 et
687 1547 740 1578 alii
758 1558 815 1588 pro
831 1549 888 1587 cis,
904 1549 1004 1581 nimia
1022 1550 1081 1581 im-

303 1601 497 1641 portunitate
519 1601 662 1632 obtinent
682 1602 806 1642 aliquos
830 1603 948 1644 recipi,
966 1604 1083 1644 quibus

302 1654 455 1695 denegari
477 1664 541 1686 non
563 1658 677 1695 potest.
701 1656 789 1687 Sicut
811 1659 919 1688 autem
941 1657 1084 1697 agricola

301 1718 387 1749 saepe
407 1709 563 1747 seminat,
586 1712 617 1740 01
632 1710 752 1750 plantat
771 1710 803 1740 in
819 1720 891 1751 spe,
910 1712 996 1751 quod
1013 1721 1082 1742 oni-

302 1763 356 1794 nia
376 1763 619 1801 convalescant,
641 1763 726 1803 quod
755 1766 862 1794 tamen
890 1764 1083 1805 plerumque

302 1817 334 1847 in
355 1817 520 1857 aliquibus
542 1825 607 1847 non
632 1817 784 1855 eveniet·,
809 1817 852 1848 ita
875 1818 1034 1858 contingit
1052 1821 1084 1850 et

302 1871 336 1902 in
351 1870 510 1910 religiosis
531 1871 570 1901 ad
594 1870 746 1902 Ordinem
768 1871 912 1911 receptis.
939 1871 1020 1903 Nam
1040 1872 1083 1903 ait

304 1924 461 1956 Dominus
475 1925 482 1941 ¹
495 1924 613 1957 :Aliud
627 1924 743 1957 cecidit
753 1933 841 1957 secus
849 1925 1013 1964 viam‚etc.
1028 1926 1084 1957 Se-

303 1978 406 2009 minat
414 1978 522 2019 plures
531 1978 646 2016 sulcos,
658 1981 704 2016 ut,
717 1979 742 2009 si
753 1978 862 2018 aliqua
870 1982 1012 2019 pereant,
1022 1979 1084 2011 alia

303 2041 362 2072 pro
377 2031 439 2063 illis
452 2032 689 2070 convalescaut5
705 2032 730 2062 si
747 2034 854 2063 tamen
870 2041 983 2064 omnes
1003 2042 1083 2064 con-

304 2086 516 2125 valescerent,
534 2095 629 2126 seges
643 2085 801 2126 eopiosior
811 2087 1007 2126 proveniret,
1022 2090 1081 2118 etc,

534 2194 737 2236 QUAESTIO
766 2195 856 2230 XVI.

352 2278 407 2306 Cur
426 2278 514 2313 aliqui
533 2278 562 2304 in
581 2278 712 2311 religione
730 2277 786 2303 sint
807 2277 923 2304 moribus
942 2279 1032 2312 prael.

346 2356 425 2388 Item
440 2364 569 2396 quaero:
588 2354 674 2386 Unde
687 2357 745 2392 est,
761 2355 847 2394 quod
863 2355 1010 2386 videmus
1022 2355 1082 2386 ali-

305 2419 385 2451 quos
400 2409 566 2449 religiosos
581 2408 725 2439 moribus
740 2408 783 2438 ita
799 2408 963 2447 distortos,
982 2412 1013 2440 et
1027 2419 1082 2441 ru-

305 2464 370 2503 des,
383 2464 464 2494 sicut
472 2463 596 2502 aliquos
607 2462 786 2499 saeculares,
801 2462 965 2502 superbos,
972 2473 1082 2502 vanOS‚

305 2517 448 2557 cupidos,
485 2516 628 2554 invidos,
660 2515 862 2553 detractores,
902 2517 1082 2556 iracundOS,

305 2571 569 2608 contumeliosos,
585 2569 725 2606 desides,
747 2569 933 2609 dissolutos,
957 2580 1081 2610 avaros,

306 2625 556 2662 inverecundos,
573 2623 738 2662 delicatos,
755 2623 886 2662 gulosos
899 2648 906 2662 ‚
923 2625 1082 2665 garrulos,

340 2690 345 2702 ¹
359 2689 426 2719 Luc„
441 2694 497 2718 vni,
511 2689 533 2711 5.
547 2688 596 2704 -Ξ
614 2687 695 2714 Rom„
709 2691 752 2716 xv,
770 2687 791 2710 1.
802 2698 833 2704 -
847 2686 876 2709 ³1
893 2688 959 2715 Cor„
974 2694 1033 2718 xin,
1048 2690 1083 2712 11.

823 181 1123 217 DETERMlNATIO
1145 184 1415 224 QUAESTIONUM

1140 253 1278 288 lascivos
1287 279 1298 296 ‚
1313 257 1346 288 et
1365 255 1453 298 quod
1473 263 1516 288 ex
1532 255 1585 288 his
1596 255 1712 297 orItur,
1727 255 1924 291 1015110010-

1142 308 1366 342 continentes?

1182 361 1368 404 Respondeo
1377 373 1386 396 :
1402 362 1528 405 Religio
1534 365 1583 396 est:
1591 363 1701 397 schola
1711 364 1882 406 virtutum,
1891 365 1927 398 in

1141 426 1208 458 qua
1221 441 1230 457 ,
1247 417 1330 450 sicut
1350 418 1385 449 in
1399 417 1470 450 aliis
1487 417 1663 459 disciplinis
1676 419 1709 450 et
1721 418 1846 451 artibus
1859 419 1926 451 dis-

1141 471 1268 511 cendis,
1291 471 1504 505 incumbitur.
1527 471 1680 504 Videmus
1709 475 1818 505 autem
1838 473 1927 515 quod

1141 524 1224 556 alius
1238 525 1300 557 aiio
1316 525 1448 566 peritior
1461 527 1520 565 est,
1541 525 1624 558 alius
1638 525 1761 565 rudior,
1775 526 1859 559 alius
1872 527 1922 559 di-

1141 577 1254 618 ligenti
1259 587 1306 618 or,
1323 578 1408 611 alius
1419 579 1562 620 segnior.
1576 579 1652 612 Haec
1662 581 1771 612 autem
1779 579 1926 613 differen-

1141 631 1185 663 tia
1212 641 1253 664 ex
1276 632 1421 674 quinque
1454 637 1616 666 causatur.
1646 633 1717 666 Una
1742 643 1840 666 causa
1863 636 1923 676 est,

1141 686 1228 727 quod
1242 686 1347 718 sicubi
1358 686 1582 719 informatores
1595 687 1768 727 habentur,
1781 696 1923 729 quorum

1141 740 1320 773 eruditione
1351 741 1429 773 honi
1457 741 1604 782 discipuli
1632 741 1838 782 nutriuntur,
1867 741 1926 774 ubi

1141 797 1251 827 autem
1269 804 1336 827 non
1350 795 1525 835 habentur,
1541 798 1598 828 aut
1613 796 1710 828 rudes
1723 796 1758 828 in
1772 796 1924 838 spiritua-

1141 848 1226 881 libus
1247 853 1344 881 erunt
1366 849 1532 891 discipuli,
1560 852 1617 881 aut
1633 850 1797 882 erroribus
1823 850 1924 883 variis

1141 903 1204 935 sub
1218 903 1322 944 specie
1335 903 1411 934 boni
1430 912 1488 944 per
1501 911 1635 935 sensum
1648 903 1817 944 proprium
1829 904 1925 936 sedu-

1142 959 1275 996 cuntur,
1297 956 1452 988 habentes
1484 956 1616 998 quidem
1645 956 1751 989 zelum
1775 957 1924 998 justitiae,

1142 1010 1197 1042 sed
1212 1019 1278 1042 non
1292 1010 1470 1042 secundum
1489 1010 1668 1047 scientiam,
1688 1013 1720 1042 et
1741 1011 1787 1043 sic
1810 1020 1830 1043 a
1851 1020 1925 1052 per-

1142 1064 1276 1096 fectione
1294 1065 1453 1096 virtutum
1485 1064 1617 1105 plurimi
1646 1065 1861 1105 retardantur,
1887 1067 1926 1097 ut

1142 1118 1193 1150 vel
1208 1118 1332 1150 malum
1348 1119 1510 1150 aestiment
1530 1118 1664 1158 bonum,
1679 1121 1736 1151 aut
1749 1119 1860 1151 minus
1872 1119 1927 1152 ho-

1141 1181 1221 1203 num
1232 1175 1344 1213 putent
1354 1172 1525 1213 optimum,
1536 1174 1594 1204 aut
1602 1172 1698 1205 aliam
1714 1173 1813 1213 viam,
1826 1182 1926 1215 quam

1141 1226 1277 1258 debeant
1290 1250 1299 1263 ,
1329 1226 1369 1258 ad
1398 1226 1630 1267 perfectionem
1659 1227 1842 1260 tenendam.
1872 1227 1926 1260 Se·-

1141 1281 1246 1312 cunda
1260 1289 1357 1312 causa
1384 1283 1431 1312 est
1452 1280 1603 1320 desectus,
1625 1291 1683 1313 seu
1706 1281 1799 1323 copia
1814 1282 1924 1326 'bono-

1141 1343 1214 1365 rum
1238 1334 1475 1375 exemplorum,
1501 1335 1579 1375 quia
1602 1337 1677 1367 novi
1702 1335 1736 1367 in
1759 1335 1925 1377 Religione

1140 1397 1226 1429 saepe
1249 1388 1326 1419 tales
1348 1389 1443 1427 finnt,
1465 1389 1577 1429 quales
1597 1389 1678 1421 alios
1700 1398 1769 1422 esse
1792 1389 1923 1430 vident,

1140 1441 1233 1473 sicuti
1252 1442 1287 1472 in
1310 1442 1424 1482 sigillis
1438 1451 1511 1474 cera
1530 1442 1627 1474 talem
1642 1443 1820 1484 imaginem
1847 1443 1924 1475 reci—

1140 1495 1197 1535 pit,
1214 1495 1320 1536 qualis
1334 1496 1395 1527 suit
1407 1496 1562 1537 impressa
1578 1507 1585 1528 :
1600 1499 1630 1528 et
1640 1497 1724 1529 fiunt
1735 1497 1836 1528 saneti
1847 1506 1922 1529 oum

1140 1549 1268 1588 sanctis,
1283 1549 1358 1581 boni
1382 1559 1456 1581 cum
1478 1550 1582 1589 honis,
1601 1551 1742 1591 perversi
1759 1559 1834 1582 cum
1847 1560 1920 1592 per-

1139 1603 1252 1634 versis.
1269 1603 1374 1634 Tertia
1388 1612 1484 1635 causa
1498 1606 1545 1635 est
1553 1604 1678 1636 novitas
1689 1604 1722 1635 in
1739 1603 1918 1645 Religione,

1140 1657 1215 1697 quia
1230 1657 1415 1697 incipientes
1430 1666 1495 1689 non
1510 1660 1643 1698 possunt
1657 1657 1709 1689 vel
1723 1666 1788 1689 non
1801 1658 1921 1690 habent

1140 1710 1212 1749 illa,
1230 1720 1302 1751 quae
1327 1711 1446 1742 liabent
1468 1711 1595 1751 perfecti
1608 1735 1617 1748 ,
1637 1713 1669 1742 et
1686 1711 1921 1751 ignoscendum

1139 1766 1187 1794 est
1202 1764 1247 1795 eis
1262 1764 1295 1795 in
1320 1764 1499 1804 aliquibus,
1520 1767 1552 1796 et
1574 1765 1732 1805 patienter
1749 1767 1918 1806 expectan-

1139 1817 1229 1856 dum,
1245 1818 1346 1849 donec
1361 1821 1515 1857 crescant,
1531 1821 1563 1849 et
1578 1818 1742 1850 addiscant
1751 1828 1826 1860 quae
1841 1829 1921 1851 non-

1139 1870 1218 1902 dum
1240 1872 1479 1912 apprehendere
1498 1872 1680 1904 valuerunt.
1698 1872 1849 1906 Debemus
1863 1880 1921 1906 ²2⁰8

1139 1925 1299 1964 firmiores
1326 1925 1562 1959 imbecillitates
1589 1926 1796 1966 infirmorum
1826 1929 1922 1961 susti-

1140 1988 1212 2012 nere
1229 1983 1252 2019 ¹,
1269 1982 1327 2011 etc.
1353 1980 1413 2018 Qui
1430 1990 1449 2012 a
1463 1989 1565 2021 puero
1587 1980 1690 2021 exigit
1708 1981 1832 2013 labores
1845 1982 1919 2022 viri,

1139 2037 1171 2065 et
1197 2034 1237 2065 ab
1264 2034 1394 2066 inssrmo
1414 2034 1501 2066 vires
1528 2034 1662 2074 robusti,
1686 2037 1719 2066 et
1743 2044 1763 2067 a
1785 2035 1921 2068 scholari

1140 2088 1237 2120 unius
1259 2089 1335 2119 anui
1360 2088 1446 2120 vires
1471 2089 1632 2129 magistri,
1654 2089 1841 2130 imprudens
1861 2093 1918 2122 est.

1141 2142 1228 2174 Unde
1256 2142 1428 2183 Apostolus
1449 2143 1460 2160 ³
1483 2153 1489 2174 :
1520 2142 1598 2174 Cum
1622 2150 1721 2175 essem
1746 2144 1918 2184 parvulus,

1140 2196 1289 2237 loquebar
1310 2201 1346 2230 ut
1367 2197 1535 2237 parvulus,
1551 2198 1612 2228 ete.
1634 2196 1681 2228 Ex
1695 2197 1757 2229 hoe
1771 2199 1921 2239 arguitur

1139 2251 1293 2282 stoliditas
1307 2250 1511 2282 saecularium
1527 2251 1757 2291 quorumdam,
1771 2252 1827 2293 qui
1841 2253 1919 2284 dum

1141 2304 1249 2336 vident
1270 2305 1411 2345 aliquem
1433 2304 1622 2344 religiosum
1637 2305 1670 2336 in
1686 2305 1794 2346 aliquo
1816 2306 1917 2338 offen-

1140 2358 1214 2389 dere
1229 2383 1237 2396 ,
1265 2365 1378 2389 ornnes
1401 2357 1568 2398 religiosos
1598 2358 1798 2399 despiciunt,
1828 2360 1919 2400 quasi

1140 2420 1253 2442 omnes
1270 2411 1346 2443 tales
1368 2411 1432 2441 sint
1454 2420 1462 2442 ε
1486 2420 1561 2442 011111
1584 2411 1660 2451 ipsis
1683 2411 1847 2444 videretur
1868 2412 1918 2443 in-

1137 2466 1276 2505 justum,
1293 2466 1319 2495 si
1334 2465 1407 2505 quis
1421 2473 1474 2496 eos
1490 2467 1620 2505 propter
1632 2464 1737 2497 aliena
1750 2465 1827 2497 vitia
1836 2465 1919 2498 dete-

1141 2519 1242 2550 riores
1266 2518 1408 2550 haberet.
1439 2519 1558 2557 Quarta
1580 2527 1677 2550 causa
1704 2521 1752 2550 est
1779 2519 1920 2551 defectus
1969 2544 1976 2554 ,,

1141 2572 1275 2612 gratiae,
1302 2581 1366 2604 non
1390 2572 1478 2604 enim
1503 2580 1614 2603 omnes
1639 2572 1747 2603 omnia
1772 2576 1918 2612 possunt.

1141 2625 1229 2656 Sicut
1244 2625 1330 2657 enim
1346 2625 1439 2657 multi
1454 2625 1573 2657 vellent
1586 2634 1654 2657 esse
1668 2625 1796 2665 divites,
1809 2629 1841 2658 et
1854 2636 1920 2658 non

1142 2685 1295 2719 possunt;
1323 2680 1366 2710 ita
1396 2689 1459 2711 non
1487 2679 1637 2711 omnibus
1667 2679 1762 2711 datur
1789 2681 1921 2720 aequalis
