2029 3052
575 177 625 209 DE
647 175 727 209 UNO
750 174 783 208 S.
808 170 1071 206 CONFESSORE.
1096 169 1228 202 SERMO
1251 168 1304 200 111.
1714 172 1754 202 69

129 244 259 274 infinitae.
276 246 349 274 Cum
368 254 438 282 ergo
457 244 608 274 humilitas
630 252 686 273 nos
708 245 766 272 Deo
781 241 910 280 perfecte

128 292 275 330 subjiciat,
295 295 387 321 Deum
409 292 448 321 ad
469 300 524 321 nos
546 291 682 326 inclinat,
709 290 793 326 cujus
817 287 910 325 gratIa

128 348 184 368 nos
199 340 316 369 exaltat.
337 340 419 368 Unde
442 339 622 375 Augustinus
649 340 673 366 ¹:
693 347 706 364 ι(
724 338 772 366 Est
794 335 910 372 aliquid

127 389 312 424 humilitatis,
327 388 411 426 quod
419 387 495 416 miro
506 387 599 415 modo
610 394 727 414 sursum
742 385 830 413 faciat
841 391 903 417 cor,-

128 439 156 465 et
174 438 217 465 est
238 436 352 473 aliquid
376 435 522 469 elationis,
545 435 630 471 quod
654 434 797 463 deorsum
822 432 910 461 faciat

127 492 189 513 cor.
201 483 404 518 Contrarium,
427 493 440 509 »
458 483 491 511 ut
506 481 556 517 ait,
576 490 590 508 a
609 481 738 516 videtur,
758 482 790 508 ut
812 480 911 508 humi-

127 531 193 560 litas
207 531 243 559 sit
256 538 385 564 sursum,
405 529 494 558 elatio
513 529 666 558 deorsum.
686 538 701 556 »
718 528 775 557 Sed
790 535 853 556 non
868 529 910 555 est

127 579 330 608 contrarium:
350 586 432 614 nam,
454 577 525 614 quia
547 579 639 605 Deum
661 575 910 604 sublimissimum

127 627 241 655 constat
255 634 329 660 esse,
353 625 444 653 «ideo
456 624 607 653 humilitas
623 624 743 658 exaltat,
760 623 831 659 quia
842 622 911 650 facit

128 676 158 702 ut
178 674 270 702 homo
293 672 422 710 perfecte
451 673 510 700 Deo
526 679 556 700 se
582 671 755 706 subjiciat.»
773 672 838 699 Haec
851 672 910 698 Au-

125 720 269 756 gustinus.
307 721 428 756 Propter
464 719 522 747 hoc
555 717 721 746 Bernardus
757 717 829 746 dicit
860 716 870 732 ²
900 726 906 744 :

128 779 141 795 «
156 770 187 797 ln
199 767 320 796 veritate
336 767 410 795 nihil
423 767 556 804 comperi
572 766 680 794 melius
705 774 767 794 esse
784 766 823 794 ad
845 773 909 801 gra-

125 815 195 843 tiam
219 814 450 851 promerendam
463 836 472 849 ,
505 814 544 842 ad
573 813 699 850 gratiam
728 821 908 841 conservan-

124 862 212 897 dam,
240 861 280 890 ad
305 861 430 897 gratiam
458 860 731 898 augmentandam,
763 868 856 897 quam
884 860 908 888 si

124 909 206 938 omni
229 910 363 946 tempore
384 908 562 944 inveniaris,
588 917 650 937 non
675 909 768 937 altum
792 917 906 945 sapere,

124 957 178 985 sed
193 956 307 989 timere,
321 966 335 984 i)
350 956 381 984 id
393 958 445 991 est,
456 956 579 984 humilis
594 964 666 985 esse.
684 957 757 985 Cum
773 964 844 992 ergo
854 964 908 992 per

123 1005 256 1032 nostram
270 1003 508 1039 magnitudinem
527 1012 589 1032 non
614 1004 762 1040 possimus
781 1005 840 1032 Deo
857 1011 909 1039 ap-

123 1052 304 1088 proximare,
330 1051 383 1079 sed
396 1051 461 1079 sola
480 1050 661 1086 humilitate,
684 1053 717 1078 ut
738 1051 781 1078 est
795 1050 908 1078 dictum

123 1104 142 1124 a
155 1096 289 1133 Sapiente
306 1105 313 1124 :
329 1096 435 1129 Quanto
449 1096 537 1131 major
550 1104 587 1131 es,
604 1097 720 1123 humilia
738 1098 763 1123 te
774 1098 804 1123 τη
820 1097 907 1123 omni-

123 1144 181 1179 bus;
194 1143 324 1180 ideoque
336 1144 457 1171 Sanctus
466 1143 531 1178 iste,
541 1143 601 1171 hoc
613 1143 815 1178 considerans,
826 1142 908 1170 viam

122 1190 211 1218 totius
225 1190 399 1218 humilitatis
418 1190 518 1226 elegit,
532 1192 560 1218 et
574 1190 679 1218 mundi
699 1190 875 1226 sapientiam
891 1198 908 1218 a

122 1245 153 1265 se
175 1237 270 1273 eJecit.
290 1239 322 1265 In
340 1237 433 1265 verbo
455 1245 526 1273 ergo
548 1238 717 1274 praemisso,
742 1237 826 1274 quod
850 1237 908 1265 dici

122 1286 219 1322 potest
241 1285 362 1314 cuilibet
383 1286 506 1320 sancto,
536 1287 677 1314 notantur
704 1284 907 1322 principaliter

123 1333 184 1362 duo
201 1343 207 1361 ι
228 1341 323 1361 unum
338 1341 374 1361 ex
389 1335 472 1369 parte
489 1333 585 1362 Sancti
592 1343 600 1368 ;
624 1333 750 1361 alterum
766 1341 802 1361 ex
822 1334 906 1368 parte

123 1381 182 1410 Dei.
200 1382 241 1409 Ex
254 1383 336 1417 parte
346 1380 443 1409 Sancti
458 1382 577 1409 notatur
589 1380 752 1415 humilitaS,
769 1388 830 1416 qua
847 1381 905 1408 Deo

122 1428 249 1464 perfecte
263 1436 294 1455 se
315 1427 464 1462 subdidit3
490 1427 543 1455 sed
563 1435 597 1455 ex
616 1428 700 1464 parte
723 1427 771 1455 Dei
788 1429 907 1455 notatur

122 1474 302 1510 benignitas,
318 1483 379 1511 qua
394 1475 497 1503 Sancto
514 1475 641 1509 gratiam
656 1474 789 1502 contulit.
808 1474 905 1502 Primo

122 1522 244 1558 Sapiens
266 1522 305 1550 ad
323 1522 521 1550 humilitatem
543 1530 598 1550 nos
617 1522 736 1557 invitat,
758 1530 826 1550 cum
841 1522 881 1549 ait
897 1531 904 1549 ε

122 1570 229 1603 Quanto
243 1570 330 1605 major
350 1577 386 1604 es,
402 1570 520 1597 humilia
536 1572 560 1597 te
573 1571 602 1596 in
617 1570 752 1597 omnibus.
768 1569 904 1597 Secundo

121 1615 248 1644 fructum
269 1616 442 1644 humilitatis
465 1616 620 1653 explanat,
645 1625 713 1644 cum
735 1616 819 1644 addit
842 1625 848 1643 :
870 1617 905 1643 Et

121 1664 240 1691 invenies
254 1664 375 1698 qratiam
389 1671 478 1691 coram
490 1665 613 1691 Domino.
631 1663 714 1692 Circa
723 1671 794 1699 ergo
809 1663 905 1690 humi-

121 1709 232 1738 litatem
244 1710 292 1738 hic
306 1711 427 1738 vertitur
446 1718 554 1739 sermo.
580 1712 612 1738 Et
633 1710 703 1746 quia
725 1710 764 1738 ad
785 1709 906 1738 humili-

121 1758 210 1785 tatem
225 1757 349 1793 inducit,
365 1765 420 1786 nec
434 1766 496 1786 non
514 1757 715 1786 humilitatem
730 1757 818 1785 nobis
838 1757 906 1784 dili-

122 1805 251 1840 gendam
260 1805 410 1842 relinquit,
417 1806 504 1841 igitur
515 1805 693 1840 notandum,
707 1805 790 1841 quod
798 1805 905 1841 triplex

123 1854 165 1880 est
185 1852 355 1880 humilitas:
374 1853 472 1889 prima
497 1855 539 1881 est
560 1853 711 1881 humilitas
736 1852 846 1887 cordis3
863 1860 906 1880 se-

123 1898 221 1927 cunda
246 1901 288 1927 est
310 1899 461 1927 humilitas
483 1900 555 1933 oris3
580 1900 665 1928 tertia
689 1902 731 1928 est
754 1899 906 1927 humilitas

123 1945 231 1982 operis.
255 1946 383 1974 Primam
402 1947 516 1975 inducit
538 1955 608 1975 vera
632 1947 731 1975 cordis
752 1946 888 1975 contritio
896 1956 903 1982 3

123 1992 302 2029 secundam,
326 2002 397 2022 vera
417 1994 476 2022 oris
499 1994 662 2030 confessio;
685 1995 816 2028 tertiam,
840 2002 906 2030 per-

123 2039 198 2068 fecta
213 2040 311 2076 operis
326 2041 494 2069 satisfactio.

159 2087 228 2115 Dico
243 2087 353 2123 primo,
365 2088 449 2124 quod
459 2088 557 2125 prima
571 2088 723 2117 humilitas
738 2090 781 2117 est
795 2089 904 2122 cordis,

124 2142 190 2170 quae
204 2133 235 2161 in
249 2142 321 2162 vera
340 2135 440 2163 cordis
455 2135 632 2164 contritione
648 2136 788 2164 consistit.
807 2136 906 2164 Humi-

121 2180 186 2208 litas
209 2181 288 2209 enim
311 2182 410 2210 cordis
435 2182 563 2210 aliarum
590 2183 790 2211 humilitatum
819 2183 905 2210 radix

123 2227 228 2262 existit,
242 2229 316 2256 sicut
334 2237 385 2257 cor
400 2231 442 2257 est
457 2230 593 2258 omnium
606 2230 813 2258 membrorum
828 2229 905 2257 radi-

122 2274 185 2302 cale
200 2274 439 2304 fundamentum.
464 2278 559 2310 Quare
583 2277 607 2304 si
629 2285 680 2305 cor
701 2285 770 2304 vere
793 2276 905 2304 humile

123 2321 186 2357 erit,
203 2322 294 2350 homo
314 2323 479 2351 humilitate
502 2324 561 2352 oris
584 2326 611 2352 et
632 2324 730 2360 operis
746 2331 807 2352 non
824 2331 905 2351 carc-

122 2368 184 2397 bit:
200 2369 272 2405 quia
287 2377 376 2397 causa
398 2370 441 2398 rei
464 2371 630 2399 necessaria
647 2371 670 2398 si
692 2373 831 2407 ponatur,
853 2379 904 2398 ne-

124 2416 250 2444 cessario
274 2417 395 2453 ponitur
419 2417 482 2452 ejus
508 2417 638 2445 effectus.
669 2420 731 2445 Non
760 2418 840 2445 enim
864 2420 906 2446 est

122 2462 264 2498 possible
279 2463 380 2499 ignem
395 2471 518 2500 ponere,
543 2464 616 2500 quin
635 2472 703 2492 eum
718 2472 813 2500 ponas
829 2465 905 2492 calc-

121 2509 229 2545 facere,
240 2511 268 2538 et
278 2510 378 2538 lucere
391 2511 512 2547 pariter.
524 2513 581 2540 Nec
596 2512 638 2539 est
651 2512 794 2548 possible
809 2512 904 2539 solem

122 2556 153 2584 in
170 2559 272 2585 nostro
288 2553 498 2595 hemisphaerio
514 2559 648 2593 existere,
664 2561 691 2587 et
706 2559 743 2588 de
759 2567 788 2588 se
804 2559 904 2587 radios

156 2620 161 2633 ¹
178 2621 296 2652 August„
311 2621 340 2645 cle
356 2621 433 2646 Civit.
450 2622 509 2653 Dei,
522 2622 565 2647 lib.
584 2623 650 2653 mv,
663 2630 684 2646 c.
702 2625 904 2653 i(111,11.1,pau⁴

123 2656 159 2680 cis
171 2657 282 2683 mutatis.
298 2669 329 2675 —
344 2658 352 2672 ²
369 2658 456 2688 Rern„
481 2658 505 2681 ῖη
528 2658 611 2687 Confi,
628 2665 704 2682 serm.
722 2664 772 2687 mv,
798 2666 822 2682 u.
840 2660 861 2681 9.
874 2672 903 2676 -

965 239 996 267 in
1012 240 1121 267 terram
1134 246 1196 266 non
1213 238 1394 274 dispergere.
1412 238 1444 266 Et
1458 237 1500 265 sic
1512 237 1543 265 in
1558 237 1700 267 omnibus
1711 240 1755 267 est

964 286 1109 314 invenire.
1126 287 1199 314 Cum
1214 293 1285 321 ergo
1302 284 1454 313 humilitas
1469 284 1568 313 cordis
1591 285 1628 314 sit
1652 293 1754 314 neces-

964 333 1042 362 saria
1056 341 1146 361 causa
1166 332 1340 361 humilitatis
1357 332 1428 367 oris,
1447 333 1476 360 et
1491 332 1589 368 operis
1595 341 1604 368 ;
1626 334 1669 361 est
1696 333 1753 361 im-

964 380 1107 416 possible
1123 381 1155 408 ut
1169 388 1220 408 cor
1235 379 1271 408 sit
1289 378 1414 414 humile,
1431 380 1459 407 et
1477 387 1539 407 non
1554 379 1618 415 ejus
1631 380 1753 408 humili-

964 428 1008 456 tas
1018 427 1049 455 in
1068 435 1159 463 opere
1180 428 1333 464 appareat,
1350 428 1377 454 et
1391 434 1452 454 ore.
1474 428 1506 454 Et
1520 426 1560 454 ad
1577 427 1754 456 destructio-

964 482 1034 502 nem
1049 474 1268 510 consequentis,
1287 482 1378 510 quem
1392 474 1477 502 vides
1504 475 1696 510 arrogantem
1721 475 1753 503 in

965 530 1027 557 ore,
1042 523 1071 550 et
1084 521 1250 558 superbum
1269 521 1299 548 in
1318 529 1419 557 opere,
1441 521 1516 549 scias
1538 529 1599 550 non
1620 530 1683 550 esse
1697 523 1754 550 hu-

964 569 1067 597 milem
1080 569 1111 596 in
1131 568 1233 596 corde.
1249 570 1322 597 Cum
1339 568 1418 596 enim
1434 568 1497 596 dies
1512 569 1547 597 sit
1568 570 1753 597 necessarius

965 616 1085 644 effectus
1104 615 1185 650 solis,
1208 616 1375 644 necessario
1402 616 1613 644 concluditur:
1636 616 1662 644 si
1689 617 1752 645 dies

964 671 1026 691 non
1041 665 1095 698 est,
1110 663 1154 692 sol
1170 671 1232 691 non
1247 664 1290 690 est
1304 671 1392 699 snper
1407 664 1526 691 terram.
1546 663 1591 692 Sic
1611 666 1638 692 et
1651 672 1752 692 neces-

964 710 1042 739 sario
1059 711 1212 747 sequitur:
1229 710 1284 744 Qui
1299 718 1360 738 non
1375 710 1466 738 habet
1480 710 1679 739 humilitatem
1691 711 1751 739 oris

964 760 992 787 et
1007 759 1116 794 operis,
1140 766 1202 786 non
1222 757 1314 786 habet
1336 757 1535 785 humilitatem
1554 758 1663 786 cordis.
1686 759 1751 786 Stu-

965 805 1100 833 dendum
1123 807 1165 833 est
1184 813 1255 841 ergo
1277 807 1344 834 ante
1369 805 1482 840 omnia,
1499 807 1532 833 ut
1553 805 1752 833 humilitatem

964 853 1062 881 cordis
1077 853 1255 889 habeamus,
1272 855 1300 882 et
1315 853 1356 881 sic
1369 853 1400 880 in
1417 853 1559 881 omnibus
1575 853 1640 881 aliis
1654 853 1751 881 humi-

962 901 1006 928 les
1017 908 1080 929 esse
1098 901 1259 937 possimus,
1277 903 1305 929 et
1328 909 1380 937 per
1404 909 1591 937 consequens
1616 901 1751 929 divinam

963 949 1089 984 gratiam
1104 949 1304 985 acquiramus.
1328 949 1338 966 ³
1355 958 1369 974 «
1393 950 1449 977 Cor
1469 948 1629 977 contritum
1650 949 1678 976 et
1697 948 1751 976 hu-

963 996 1122 1030 miliatum,
1135 997 1220 1031 DeuS,
1241 1004 1302 1024 non
1326 996 1480 1032 despicies.
1496 1007 1510 1023 n
1538 997 1588 1024 Cor
1602 998 1750 1024 contritum

966 1047 990 1072 et
1002 1046 1178 1072 humiliatum
1194 1044 1280 1079 dicit,
1300 1044 1372 1080 quia
1387 1045 1425 1072 ad
1436 1052 1538 1072 veram
1551 1044 1751 1072 humilitatem

962 1092 1124 1129 requiritur
1144 1092 1280 1120 contritio
1302 1091 1411 1126 cordis,
1434 1093 1467 1119 ut
1489 1091 1582 1120 homo
1602 1099 1672 1120 vere
1693 1092 1749 1119 do-

962 1140 1032 1174 leat,
1048 1139 1119 1176 quia
1141 1141 1232 1168 Deum
1253 1139 1378 1167 offendit
1397 1140 1566 1167 Creatorem
1586 1139 1752 1175 potentissi-

963 1195 1058 1221 mum,
1075 1187 1307 1223 Redemptorem
1322 1186 1502 1222 piissimum,
1518 1188 1546 1215 et
1558 1187 1670 1214 Patrem
1683 1194 1752 1223 pro-

963 1233 1211 1262 videntissimum.
1240 1236 1270 1262 ln
1293 1235 1407 1261 tantum
1432 1233 1653 1261 verecundatur
1675 1233 1752 1261 acci-

963 1281 1050 1317 piter,
1067 1281 1091 1308 si
1106 1289 1193 1308 avem
1207 1289 1268 1308 non
1284 1281 1396 1317 arripit,
1413 1281 1452 1309 ad
1468 1288 1561 1317 quam
1576 1280 1683 1308 missus
1699 1289 1751 1309 vo-

962 1328 1045 1363 lavit,
1062 1328 1146 1364 quod
1162 1328 1210 1355 vix
1226 1328 1278 1356 illa
1293 1328 1341 1356 die
1364 1328 1403 1356 ad
1418 1336 1542 1356 manum
1564 1327 1648 1355 redit.
1673 1329 1750 1363 Ergo

962 1375 1066 1409 homo,
1083 1375 1147 1403 avis
1171 1375 1307 1410 coelestis,
1326 1383 1388 1403 non
1410 1375 1535 1409 dolebit,
1555 1375 1579 1402 si
1600 1376 1692 1402 Deum
1707 1375 1750 1402 ot'-

962 1422 1067 1457 fendit,
1084 1424 1112 1450 et
1126 1430 1188 1450 non
1203 1422 1272 1450 facit
1287 1422 1371 1458 quod
1386 1422 1510 1450 debuit?

999 1469 1136 1498 Secunda
1151 1469 1302 1497 humilitas
1318 1471 1360 1497 est
1375 1470 1444 1502 oris,
1465 1477 1532 1506 quae
1547 1469 1578 1497 in
1592 1477 1664 1497 vera
1681 1478 1750 1506 pec-

964 1517 1072 1545 catoris
1088 1517 1273 1544 consessione
1285 1517 1426 1545 consistit.
1444 1519 1549 1553 Magna
1564 1518 1641 1545 certe
1655 1517 1752 1545 humi-

961 1565 1038 1599 litas,
1055 1564 1178 1601 quando
1194 1564 1286 1592 homo
1310 1565 1434 1600 propter
1458 1564 1507 1592 Dei
1526 1564 1674 1592 honorem
1690 1572 1752 1592 non

962 1612 1045 1640 timet
1070 1619 1268 1647 quaecumque
1293 1611 1390 1647 turpia
1414 1611 1558 1639 confiteri.
1583 1612 1615 1639 Et
1634 1611 1672 1639 de
1693 1611 1752 1639 hoc

963 1659 1090 1687 habetur
1099 1659 1125 1686 a:
1139 1668 1150 1683 «
1161 1658 1289 1686 Humilia
1298 1658 1475 1694 presbytero
1488 1658 1620 1686 animam
1629 1660 1722 1687 tuam.
1735 1669 1748 1685 »

962 1708 1042 1734 Tunc
1053 1706 1132 1734 enim
1147 1706 1322 1742 presbytero
1336 1705 1482 1740 humiliat,
1498 1705 1622 1742 quando
1635 1705 1677 1733 illi
1689 1713 1740 1733 om

963 1754 1012 1781 nia
1027 1753 1108 1781 mala
1120 1761 1174 1780 sua
1186 1752 1363 1780 manifestat.
1379 1754 1411 1780 Et
1423 1752 1475 1780 illa
1485 1752 1638 1780 humilitas
1649 1760 1750 1780 neces-

962 1801 1039 1828 saria
1051 1802 1093 1828 est
1107 1800 1146 1828 ad
1162 1800 1288 1828 salutem
1305 1809 1311 1827 :
1329 1807 1398 1827 nam
1415 1801 1572 1836 peccatum
1586 1802 1628 1827 est
1642 1800 1751 1827 vulnus

963 1848 1080 1882 animae,
1096 1847 1236 1875 sacerdos
1245 1847 1431 1875 estmedicus
1446 1846 1606 1883 spiritualis
1619 1856 1625 1874 :
1642 1847 1695 1875 sed
1707 1847 1750 1874 vi-

963 1895 1068 1923 demus
1084 1895 1114 1922 in
1129 1895 1219 1922 rebus
1235 1894 1441 1928 sensibilibus,
1463 1893 1547 1930 quod
1568 1893 1619 1930 qui
1642 1894 1750 1922 vulnus

964 1942 1098 1978 corporis
1113 1942 1198 1976 celat,
1215 1941 1366 1969 medicum
1382 1949 1445 1970 non
1469 1941 1604 1976 advocat,
1625 1942 1676 1970 aut
1690 1950 1750 1969 me-

963 1990 1093 2017 dicinam
1107 1997 1169 2017 non
1183 1989 1324 2025 postulat,
1341 1990 1369 2016 et
1389 1989 1458 2016 ideo
1474 1991 1602 2016 mortem
1617 1989 1673 2016 sibi
1696 1989 1749 2017 ad—

960 2037 1084 2073 judicat,
1096 2038 1124 2064 et
1139 2036 1184 2064 sui
1202 2038 1245 2064 est
1258 2036 1421 2064 homicida.
1441 2036 1498 2064 Sed
1520 2036 1638 2072 sapiens
1659 2044 1747 2072 aeger,

963 2085 1036 2112 dum
1052 2084 1161 2111 vulnus
1182 2084 1283 2117 habet,
1309 2083 1463 2111 medicum
1485 2083 1568 2119 petit,
1591 2085 1619 2111 et
1640 2083 1749 2111 vulnus

963 2131 1130 2159 curandum
1145 2131 1189 2158 illi
1202 2130 1335 2166 exponit,
1347 2132 1379 2158 ut
1394 2130 1521 2158 salutem
1537 2130 1670 2166 accipere
1682 2138 1749 2166 pos-

962 2179 1006 2207 sit.
1025 2179 1105 2206 Unde
1128 2178 1242 2206 Boetius
1285 2186 1291 2204 :
1310 2187 1323 2203 «
1345 2178 1373 2205 Si
1396 2185 1488 2213 opera
1510 2177 1685 2205 medicantis
1701 2186 1749 2205 ex-

962 2228 1072 2262 pectas,
1087 2233 1205 2253 necesse
1223 2226 1276 2259 est,
1294 2226 1326 2252 ut
1345 2224 1454 2252 vulnus
1478 2224 1598 2260 detegas
1621 2226 1715 2252 tuum.
1732 2235 1744 2251 »

962 2273 1107 2301 Confitere
1122 2274 1278 2308 peccatum
1299 2274 1395 2306 tuum,
1411 2279 1465 2299 nec
1487 2271 1665 2299 abscondas.
1692 2273 1747 2299 Un-

963 2321 999 2349 de
1014 2322 1023 2337 0
1040 2330 1045 2348 :
1065 2330 1077 2346 «
1094 2320 1148 2354 Qui
1163 2319 1321 2347 abscondit
1341 2318 1453 2347 scelera
1473 2327 1541 2353 sua,
1562 2327 1624 2346 non
1647 2319 1748 2354 dirigi-

963 2371 1008 2396 tur
1023 2376 1040 2396 a
1062 2367 1198 2395 Domino.
1216 2379 1227 2391 u
1247 2368 1368 2395 Summa
1388 2365 1518 2401 stultitia,
1536 2368 1680 2402 perpetuo
1706 2367 1747 2393 vi-

964 2414 1078 2452 tuperio
1093 2413 1318 2448 contundenda,
1335 2414 1448 2441 tantam
1463 2413 1574 2441 habere
1590 2421 1692 2441 curam
1709 2413 1746 2440 de

962 2462 1137 2491 vulneribus
1155 2462 1261 2495 carnis,
1277 2464 1304 2489 et
1316 2461 1466 2489 advocare
1486 2460 1620 2488 medicos
1639 2467 1745 2496 corpo-

961 2510 1001 2538 ris
1016 2517 1070 2546 pro
1086 2509 1206 2537 modica
1218 2516 1308 2536 causa
1325 2508 1448 2543 doloris,
1467 2510 1494 2535 et
1509 2515 1570 2535 non
1589 2515 1692 2535 curare
1709 2507 1745 2536 de

962 2558 1082 2585 vulnere
1097 2556 1212 2591 mentis,
1228 2564 1282 2583 nec
1296 2555 1447 2583 medicum
1469 2555 1617 2582 advocare
1632 2555 1742 2583 saluus.

963 2623 972 2639 ³
986 2622 1052 2646 μναῖ.
1067 2628 1090 2652 L,
1109 2624 1144 2645 lt).
1160 2635 1186 2637 ’π
1203 2620 1212 2636 ‘⁴
1228 2620 1318 2650 [dccli.7
1341 2625 1376 2650 lv,
1395 2620 1418 2642 7.
1435 2632 1464 2636 —
1475 2619 1484 2635 ⁵
1501 2619 1584 2649 Boet.,
1605 2619 1634 2642 de
1648 2619 1744 2644 Consul.

962 2657 1065 2689 philon,
1081 2657 1123 2681 lib.
1140 2657 1194 2686 xit,
1213 2663 1280 2687 pros.
1301 2657 1318 2679 i.
1335 2669 1363 2672 —
1380 2656 1389 2671 8
1403 2656 1486 2685 [’1ὐω.,
1503 2661 1601 2686 xvall,
1622 2657 1657 2679 13.
