2060 3052
267 225 308 255 64

268 290 350 319 Unde
372 289 530 326 Gregorius
550 288 622 317 dicit
641 290 651 307 ¹
671 287 755 325 quod
788 295 912 324 «neque
931 286 1048 316 castitas

268 339 312 366 est
334 345 445 374 magna
461 336 523 366 sine
543 344 632 373 opere
651 336 746 370 bono,
763 343 819 363 nec
832 334 950 363 bonum
971 343 1048 371 opus

268 387 311 414 est
330 385 446 422 aliquid
461 384 524 413 sine
539 384 680 413 castitate.
699 393 712 410 n
737 383 817 420 Opus
831 376 928 411 carnis
939 384 982 411 est
997 390 1046 410 ac-

267 434 314 461 tus
327 432 479 470 particuloe
502 431 646 461 sensualis
662 440 668 459 :
685 432 713 459 et
732 430 802 459 ideo
822 430 918 466 magis
937 430 978 458 ad
995 430 1048 458 be-

266 480 354 516 stias,
379 488 470 516 quam
495 479 534 508 ad
557 478 695 507 homines
713 478 850 514 pertinet.
877 477 959 506 Sicut
977 477 1048 506 dicit

266 527 434 556 Bernardus
447 528 458 545 ¹
475 535 482 555 ε
500 536 515 552 α
528 527 623 562 Turpe
643 526 696 561 est,
715 527 744 554 et
764 527 868 554 contra
887 525 1045 560 rationem,

267 576 300 603 ut
323 575 418 610 magis
446 576 528 602 actus
551 573 648 602 carnis
678 572 778 608 vigeat
796 572 827 600 in
855 572 1045 607 hominibus,

267 630 359 659 quam
373 621 404 650 in
419 621 523 650 brutis.
537 632 550 646 »
565 619 622 649 Sed
637 621 648 638 ³
666 629 679 646 α
689 622 819 648 mutatus
835 621 878 648 est
893 619 977 654 color
991 627 1046 656 op-

265 669 364 705 timus,
380 671 408 697 et
428 668 621 697 obscuratum
638 670 682 696 est
705 675 830 702 aurum,
851 677 865 694 r
893 667 965 703 quia
979 666 1046 695 abs-

266 724 324 753 que
357 715 580 753 eomparatione
613 715 710 751 major
741 717 785 743 est
813 714 904 742 hodie
927 713 1047 742 luxuria

265 763 433 799 hominum,
447 771 539 800 quam
554 763 722 791 brutorum.
739 764 813 790 Nam
827 762 926 797 bruta,
941 763 1047 798 praeter

265 810 368 847 aliqua
388 818 499 847 pauca,
521 810 634 838 habent
651 809 690 838 ad
710 809 860 838 luxuriam
879 810 960 837 certa
974 810 1046 836 tem-

265 866 360 895 pora,
387 860 468 886 extra
491 865 558 894 quae
577 865 734 894 nunquam
758 858 826 884 sunt
848 855 1044 891 luam-ianua,

264 905 326 933 imo
352 905 429 934 inter
454 905 549 942 pisces
568 904 653 933 nulla
679 905 747 932 sunt
766 911 902 940 unquam
929 902 1045 931 adulte-

263 953 330 982 rina
344 953 505 982 connubia.
518 953 575 982 Sed
584 952 698 981 homini
713 952 751 980 ad
764 951 950 988 peccandum
963 950 1045 978 nulla

264 1000 415 1029 sufficiunt
429 1005 573 1037 tempora,
596 1008 650 1028 nec
670 1001 825 1028 contentus
846 1000 889 1027 est
903 1006 968 1032 sua,
989 998 1046 1026 nisi

264 1048 395 1076 inveniat
418 1051 558 1076 extranea
579 1050 684 1076 scorta.
708 1048 731 1076 Ο
753 1047 883 1074 humana
905 1045 1045 1080 miseria,

265 1095 388 1132 quando
403 1103 464 1123 non
487 1096 612 1132 possunt
626 1094 665 1122 ad
688 1096 807 1130 tempus
830 1093 967 1121 homines
988 1100 1046 1120 ser—

263 1151 346 1178 vare,
362 1143 445 1179 quod
467 1142 652 1179 temporibus
667 1140 808 1169 omnibus
826 1142 944 1168 servant
958 1139 1044 1167 volu-

264 1198 336 1222 cres
354 1192 382 1218 et
395 1198 476 1226 apes,
493 1189 584 1217 nullis
596 1188 698 1217 alienis
709 1195 844 1224 unquam
854 1186 957 1223 aliquo
972 1188 1045 1214 tem-

263 1245 336 1274 pore
350 1245 381 1265 se
397 1236 632 1271 commiscentes,
648 1235 700 1263 sed
717 1234 798 1263 omni
823 1236 956 1270 tempore
977 1242 1045 1262 cou-

264 1285 403 1313 tinentcs!

300 1335 420 1368 Quarto,
440 1333 493 1361 t'uit
517 1335 561 1360 υίι·
584 1334 705 1369 propter
726 1340 828 1360 reram
851 1331 949 1360 cordis
973 1331 1044 1358 laeti-

264 1382 345 1410 tiam.
370 1381 478 1409 Dicitur
497 1380 576 1408 enim
588 1382 597 1397 ⁸
613 1380 696 1416 quod
723 1391 736 1406 u
751 1388 787 1407 ex
802 1380 863 1408 risu
877 1379 912 1414 (a)
928 1386 1043 1414 cognou

263 1429 352 1457 scitur
374 1428 427 1456 vir.
442 1438 455 1453 υ
478 1429 551 1456 Nam
574 1428 649 1456 risus
673 1427 800 1455 exterior
822 1430 864 1454 cst
887 1426 1043 1454 hominum

264 1476 432 1511 stultorum,
452 1483 526 1503 vane
549 1483 579 1503 se
603 1474 845 1508 dissolventium;
867 1473 919 1501 scd
942 1473 1044 1501 laetitia

263 1523 421 1559 spiritualis
443 1523 573 1557 interior,
594 1525 635 1550 est
656 1522 813 1549 hominum
828 1521 1043 1557 perlectorum,

264 1570 301 1603 de
315 1570 381 1599 solo
396 1578 514 1598 summo
536 1570 618 1597 bono
643 1568 846 1604 gaudentium.
863 1569 872 1584 ⁵
890 1579 903 1592 «
920 1569 982 1595 Nou
1003 1570 1044 1595 est

263 1625 368 1645 consus
379 1625 467 1653 super
485 1625 605 1645 censum
629 1616 730 1643 salutis
746 1615 880 1651 corporis
896 1624 902 1642 :
919 1623 979 1642 non
1002 1617 1044 1642 est

263 1665 514 1693 oblectamentum
537 1672 625 1699 super
647 1663 745 1691 cordis
769 1662 922 1698 gaudium.
945 1672 958 1687 ν
987 1661 1043 1689 Sed

263 1712 334 1740 mali
349 1712 446 1739 solum
462 1711 594 1747 gaudent
614 1711 643 1738 in
667 1710 762 1744 vaniS,
786 1718 837 1737 uec
861 1709 1044 1736 delectantur

263 1759 293 1787 in
309 1759 405 1787 bonis.
427 1758 539 1792 Quibus
562 1758 701 1786 Dominus
722 1757 811 1784 dicit6
829 1765 835 1784 :
858 1767 868 1781 «ι
883 1758 928 1783 Vre
944 1756 1043 1790 vobis,

263 1807 314 1842 qui
336 1806 446 1840 ridetis,
475 1806 546 1842 quia
564 1805 679 1833 flebitis.
699 1815 710 1830 ι)
730 1805 778 1832 uic
801 1807 842 1832 est
865 1804 952 1837 risus,
968 1803 1019 1839 qui
1034 1804 1043 1820 ⁷

265 1853 393 1882 «dolore
410 1853 558 1886 miscetur,
575 1855 601 1880 et
618 1854 750 1880 extrema
766 1851 867 1886 gaudii
885 1851 981 1878 luctus
996 1858 1044 1878 oc-

263 1903 360 1937 cupat.
374 1912 386 1927 ι)
415 1900 494 1928 Unde
519 1900 623 1936 qua=rit
641 1899 696 1927 Job
713 1900 722 1915 ⁸
739 1908 745 1926 :
764 1901 880 1932 «Quare
901 1897 984 1933 impii
1001 1897 1042 1925 vi-

262 1951 345 1983 vunt,
362 1948 507 1975 sublevati
523 1949 601 1981 sunt,
620 1946 836 1981 confortatique
853 1945 983 1972 divitiis?
998 1946 1044 1972 Se-

264 2003 332 2023 men
348 2003 462 2029 eorum,
477 2006 490 2019 u
509 1997 562 2022 cle.
579 1995 612 2021 Et
626 1994 759 2029 sequitur
774 1994 802 2020 ⁵⁸:
823 1994 953 2020 «Tenent
971 1994 1043 2028 tym-

263 2050 375 2078 panum
403 2045 430 2069 et
453 2041 612 2075 citharam,
637 2043 664 2068 ct
693 2040 823 2075 gaudent
851 2039 889 2067 ad
914 2040 1042 2067 sonitum

264 2089 378 2124 organi.
395 2099 408 2114 n
427 2089 482 2116 Sed
496 2087 644 2124 numquid
661 2088 782 2123 impune
793 2090 806 2115 ?
821 2087 895 2115 Audi
913 2087 987 2122 quid
1002 2096 1045 2113 so-

263 2136 363 2171 quitur
382 2138 402 2153 ¹⁰
419 2146 424 2164 :
446 2147 458 2161 a
476 2138 587 2163 Ducunt
608 2135 638 2162 in
657 2135 746 2162 bonis
765 2134 827 2162 (lies
849 2143 935 2169 suos,
962 2136 988 2161 et
1014 2134 1042 2161 in

263 2186 373 2218 puncto
390 2183 428 2210 ad
440 2183 554 2210 inferna
569 2182 785 2210 descendunt.»

299 2231 404 2264 Tertio,
420 2230 466 2257 liic
482 2232 598 2257 sanetus
614 2230 721 2257 sulit-1⁴1·
736 2237 789 2265 per
804 2232 912 2256 rectam
925 2229 1043 2257 ordina-

264 2278 375 2305 tionem
392 2277 430 2304 ad
450 2278 630 2313 proximum.
656 2278 686 2304 Et
709 2277 763 2303 hoc
784 2276 1018 2312 quadrupliciter
1035 2286 1041 2304 z

264 2325 361 2361 primo
377 2332 429 2360 per
444 2332 543 2351 veram
560 2324 651 2350 animi
667 2323 926 2359 compassionem3
943 2332 1043 2351 secun-

265 2372 322 2406 do,
339 2380 392 2407 per
406 2374 516 2399 rectam
533 2370 753 2398 instructionem
767 2380 773 2401 ;
792 2371 890 2403 tertio,
913 2379 966 2406 per
982 2378 1043 2398 ma-

264 2418 361 2446 lorum
385 2418 587 2452 tolerantiam,
614 2420 730 2453 quarto,
756 2426 808 2453 per
837 2417 975 2445 devotam
1004 2417 1042 2445 ad

265 2466 355 2493 Deum
372 2465 547 2493 orationem.

302 2512 380 2547 Dico,
395 2512 476 2548 quod
491 2512 544 2540 l‘uit
558 2514 601 2540 vir
624 2520 677 2548 per
699 2520 799 2539 veram
815 2512 853 2539 ad
873 2511 1042 2547 proximum

299 2599 304 2612 ¹
322 2600 407 2629 Grcg.,
430 2599 454 2621 1'71
472 2598 577 2629 Ismmy„
594 2598 664 2622 hom.
682 2603 728 2622 xiii
740 2615 745 2625 ,
761 2604 786 2620 11.
810 2599 830 2620 l.
845 2611 874 2614 —
895 2598 901 2610 ²
922 2599 997 2621 Deru.
1014 2611 1039 2614 -

266 2634 276 2651 3
291 2634 434 2664 Tl11·etz„1v‚
451 2636 471 2658 l.
485 2646 514 2651 —
528 2636 532 2647 ¹
545 2634 633 2671 Ecca.)
651 2639 705 2663 Xix,
719 2634 798 2657 *su-27.
812 2646 842 2649 —
854 2634 864 2649 ⁶
877 2633 961 2659 Eccli..
979 2639 1041 2663 xxx,

264 2672 303 2695 16.
324 2684 349 2687 -
374 2671 382 2683 ¹²
402 2671 468 2699 Luc„
494 2676 527 2700 vi,
545 2672 584 2693 253.
605 2683 633 2687 -
654 2670 661 2683 ⁷
681 2670 763 2697 Prota,
782 2675 837 2699 xiv,
857 2672 894 2693 113.
912 2683 937 2686 —-
959 2669 969 2685 ⁸
984 2668 1041 2699 Jub,

264 2708 434 2737 ,xx1‚·.-s.-
483 2706 557 2737 una,
578 2708 614 2730 ιε.
635 2719 665 2724 -
688 2706 708 2722 ιυ
728 2705 802 2736 ibid„
823 2706 861 2729 13.
881 2718 911 2722 —
931 2706 945 2721 ¹¹
968 2705 1041 2736 ibid„

555 218 766 253 SERMONES
788 218 840 252 DE
862 216 1031 251 SANCTIS
1053 217 1095 250 ΙΝ
1117 217 1311 251 COMMUNI.
1333 216 1469 250 SERMO
1490 215 1600 250 XXIII.

1102 286 1201 316 cordis
1220 287 1470 324 compassionem.
1494 287 1598 315 Nonne
1620 283 1723 314 omnia
1745 283 1884 314 membra

1103 335 1237 372 corporis
1254 334 1347 364 nostri
1367 337 1473 363 mutuo
1491 333 1713 370 compatiuntur
1726 332 1809 362 sibi?
1822 333 1884 364 sed

1102 382 1199 418 major
1209 382 1298 411 debet
1308 389 1370 411 esse
1379 381 1558 418 compassio,
1570 380 1623 409 ubi
1635 382 1679 408 est
1690 380 1788 417 major
1797 379 1883 410 unio.

1102 429 1159 458 Sed
1173 429 1270 466 maJor
1284 431 1327 458 est
1345 429 1418 458 unio
1438 428 1566 457 membri
1586 427 1747 465 spiritualis
1767 427 1808 456 ad
1822 427 1884 464 spi-

1101 476 1218 509 rituale,
1235 485 1326 513 quam
1337 476 1465 505 carnalis
1478 475 1519 505 ad
1533 475 1671 504 carnale:
1687 483 1760 511 ergo
1775 477 1805 504 et
1818 483 1884 504 ma-

1099 524 1148 560 jor
1163 523 1331 560 compassio
1355 522 1446 551 debet
1463 530 1526 551 esse
1540 523 1616 551 inter
1634 530 1675 551 se.
1691 522 1750 551 Sed
1767 530 1824 551 nos
1838 530 1885 551 su-

1101 579 1170 600 mus
1193 571 1331 599 membra
1351 569 1517 607 spiritualia
1539 569 1644 598 Christi
1663 579 1671 598 :
1696 577 1768 606 ergo
1795 569 1885 598 debet

1102 618 1195 646 homo
1209 617 1306 654 magis
1319 617 1450 654 compati
1472 616 1555 645 fratri
1573 624 1641 652 suo,
1655 616 1718 645 sive
1731 616 1883 654 proximo,

1102 673 1194 702 quam
1206 665 1378 693 membrum
1387 664 1522 701 corporis
1532 663 1675 693 naturalis
1687 664 1885 701 compatiatur

1101 712 1238 741 membro
1254 711 1392 740 naturali.
1414 711 1495 740 Unde
1511 713 1539 740 et
1553 711 1663 740 viriste
1675 713 1795 740 sanctus
1809 710 1887 740 dice-

1101 760 1154 798 bat
1169 761 1190 778 ¹¹
1209 769 1216 788 :
1235 770 1248 786 α
1264 759 1386 788 Flebam
1403 758 1558 796 quondam
1573 767 1663 796 super
1677 766 1757 794 eum,
1773 758 1825 796 qui
1839 758 1884 787 af-

1101 807 1197 836 flictus
1211 808 1292 842 erat,
1307 809 1336 836 et
1354 806 1592 844 compatiebatur
1612 805 1713 834 anima
1726 813 1795 834 mea
1807 813 1884 842 pau--

1100 856 1175 891 peri.
1191 865 1205 881 n
1223 856 1256 882 Et
1269 853 1341 883 alibi
1356 854 1463 882 dicitur
1472 855 1491 871 ¹³
1503 863 1510 882 ε
1522 864 1535 880 α
1546 853 1695 882 Benefacit
1708 853 1815 881 animae
1825 860 1885 881 suae

1101 902 1146 930 vir
1160 901 1362 930 misericors.»
1385 903 1418 930 Et
1439 901 1513 938 quid
1532 901 1642 929 mirum
1657 902 1700 929 est
1714 901 1744 928 in
1759 900 1884 928 homine

1101 949 1280 986 compassio,
1301 949 1424 986 quando
1444 948 1593 977 invenitur
1614 948 1709 985 pietas
1729 949 1757 976 et
1770 947 1883 975 miseri-

1101 997 1204 1025 cordia
1226 996 1257 1024 in
1286 996 1466 1024 animalibus
1493 995 1531 1024 de
1558 995 1665 1031 rapina
1691 994 1884 1023 viventibus?

1100 1045 1184 1077 Nam,
1198 1045 1231 1071 ut
1245 1043 1283 1072 de
1297 1043 1398 1071 multis
1412 1043 1558 1077 omittam,
1574 1042 1670 1077 falco,
1691 1042 1755 1070 avis
1776 1041 1859 1077 regia
1873 1062 1882 1076 ‚

1101 1090 1205 1118 vivens
1219 1090 1358 1118 continue
1373 1089 1410 1118 de
1425 1090 1542 1126 rapina,
1557 1089 1665 1125 fitium,
1682 1097 1771 1125 quem
1780 1088 1883 1125 aquila

1101 1137 1138 1166 de
1154 1137 1226 1166 nido
1241 1137 1369 1173 projicit,
1385 1136 1522 1165 clementi
1590 1136 1652 1165 ulta
1666 1136 1794 1172 colligit,
1809 1138 1838 1164 et
1851 1135 1882 1164 in

1099 1184 1172 1212 nido
1194 1193 1249 1213 suo
1265 1193 1334 1213 cum
1357 1184 1426 1212 filiis
1444 1192 1517 1221 repo
1596 1186 1625 1213 et
1647 1185 1791 1220 tanquam
1813 1191 1882 1220 pro-

1100 1232 1199 1268 prium
1213 1240 1281 1260 eum
1296 1232 1395 1260 nutrit.

1136 1279 1284 1313 Secundo,
1306 1279 1359 1307 suit
1373 1281 1416 1307 vir
1435 1287 1487 1316 per
1510 1279 1718 1315 proximorum
1742 1277 1882 1306 eruditio·

1100 1335 1179 1355 nem.
1196 1329 1280 1362 Nam,
1295 1326 1369 1354 sicut
1383 1326 1491 1355 dicitur
1505 1327 1526 1344 ¹³
1543 1336 1549 1354 :
1563 1336 1576 1352 α
1587 1326 1635 1354 Vir
1648 1326 1757 1362 peritus
1773 1324 1882 1354 multos

1100 1374 1237 1402 erudivit.
1264 1385 1277 1399 u
1294 1375 1401 1402 Doccnt
1424 1374 1503 1402 enim
1525 1373 1667 1402 animalia
1688 1372 1789 1409 pullos
1811 1380 1882 1401 suos

1100 1430 1178 1449 nunc
1194 1421 1307 1456 volare,
1322 1429 1402 1449 nunc
1417 1420 1571 1455 dimicare,
1584 1427 1663 1448 nunc
1673 1419 1792 1453 saltare,
1803 1426 1881 1447 nunc

1100 1469 1230 1497 hostium
1250 1469 1372 1496 insidias
1395 1468 1552 1497 declinare.
1581 1469 1656 1502 Ergo
1679 1474 1741 1494 non
1761 1465 1882 1494 docebit

1100 1517 1191 1545 homo
1207 1516 1379 1553 proximum
1399 1525 1497 1550 suum,
1517 1516 1648 1544 amicum
1669 1522 1766 1549 suum,
1792 1516 1819 1542 et
1833 1513 1880 1542 di-

1100 1565 1209 1593 lectum
1225 1565 1342 1593 fratrem
1360 1573 1457 1598 suum,
1474 1572 1575 1592 secum
1598 1564 1637 1591 ad
1661 1562 1799 1591 eamdem
1816 1561 1881 1597 glo-

1100 1613 1174 1640 riam
1191 1612 1359 1640 ordinatum
1371 1615 1384 1639 7
1399 1613 1506 1639 Docent
1527 1619 1598 1646 ergo
1618 1609 1725 1643 Sancti,
1742 1611 1880 1644 arguunt,

1100 1659 1272 1695 pra’dicaut,
1297 1662 1325 1687 et
1347 1659 1511 1695 increpant,
1538 1660 1569 1686 ut
1593 1666 1644 1685 eos
1665 1657 1703 1685 ad
1728 1656 1808 1684 viam
1832 1656 1880 1683 Dei

1099 1709 1281 1735 convertant.
1300 1706 1379 1734 Unde
1394 1709 1421 1734 et
1434 1706 1507 1740 Job,
1524 1713 1592 1733 suos
1608 1705 1720 1733 amicos
1735 1711 1880 1739 arguenS‚

1100 1754 1218 1782 dicebat
1231 1754 1250 1771 ¹³
1269 1764 1274 1782 :
1288 1765 1301 1780 ι(
1314 1755 1408 1788 Quare
1425 1753 1590 1781 detraxistis
1603 1751 1792 1780 sermonibus
1807 1751 1882 1779 veri—

1101 1803 1177 1836 tatis,
1199 1804 1225 1830 et
1240 1802 1278 1829 ad
1300 1800 1515 1838 increpandum
1535 1800 1627 1828 verba
1647 1799 1837 1835 componitis,
1853 1800 1882 1826 et

1100 1851 1270 1878 subvertere
1286 1850 1412 1877 nitimini
1429 1850 1559 1877 amicum
1574 1849 1723 1877 vestrum?
1739 1859 1752 1874 ι)

1136 1897 1242 1932 Tertio,
1264 1897 1318 1925 fuit
1336 1900 1380 1925 vir
1403 1905 1456 1933 per
1479 1896 1629 1925 malorum
1649 1896 1879 1932 superationem.

1101 1946 1159 1972 Hoc
1176 1945 1255 1972 enim
1277 1945 1352 1972 inter
1377 1944 1478 1972 omnia
1501 1944 1601 1972 solum
1626 1943 1734 1980 probat
1749 1944 1880 1976 sanctos,

1100 2001 1138 2021 an
1153 1994 1209 2021 sint
1226 1993 1291 2021 viri.
1315 1994 1377 2020 Non
1399 1992 1478 2020 enim
1494 1991 1663 2027 agnoscitur
1684 1991 1730 2018 vir
1753 1990 1880 2026 sapiens,

1100 2042 1156 2069 uisi
1173 2042 1201 2069 in
1223 2041 1365 2076 consilio;
1387 2049 1440 2068 nec
1461 2041 1506 2068 vir
1527 2039 1638 2073 iidem,
1665 2039 1719 2066 nisi
1744 2038 1774 2066 in
1800 2046 1880 2066 com—

1100 2089 1204 2123 misso;
1223 2097 1276 2116 nec
1286 2088 1331 2116 vir
1342 2088 1434 2120 sortis,
1447 2087 1503 2115 nisi
1517 2087 1547 2114 in
1564 2086 1654 2114 hello.
1671 2087 1742 2114 Nam
1755 2085 1881 2122 quilibet

1101 2136 1197 2172 qualis
1221 2136 1298 2164 intus
1325 2135 1442 2169 existit,
1466 2134 1593 2162 exterius
1619 2133 1732 2161 bellum
1761 2132 1879 2169 probat.

1101 2183 1181 2211 Unde
1198 2183 1304 2211 dicitur
1320 2184 1341 2200 ¹⁵
1354 2192 1360 2210 :
1373 2193 1386 2208 «ι
1400 2182 1501 2211 Melior
1516 2184 1558 2209 est
1572 2181 1685 2217 patiens
1701 2180 1764 2208 viro
1780 2179 1879 2207 sorti.»

1101 2236 1195 2265 Quare
1207 2231 1221 2258 ‘3
1245 2231 1318 2264 Quia
1339 2230 1383 2257 vir
1399 2230 1481 2257 sortis
1497 2237 1572 2265 soepe
1588 2228 1736 2262 turbatum
1763 2226 1815 2254 sed
1829 2234 1880 2263 pa-

1102 2281 1189 2313 tiens,
1212 2278 1325 2306 etiamsi
1348 2277 1497 2311 caedatur,
1519 2276 1707 2310 vulneretur,
1733 2277 1782 2302 aut
1803 2274 1880 2302 occi-

1101 2326 1200 2359 datur,
1216 2333 1370 2361 uunquam
1387 2327 1485 2352 tamen
1503 2332 1519 2352 a
1542 2323 1647 2351 mentis
1671 2321 1879 2357 tranquillitate

1101 2373 1285 2400 deflectitur:
1303 2372 1375 2400 sieut
1398 2371 1515 2405 cmlum,
1538 2373 1812 2406 quantumcumque
1836 2367 1879 2394 in-

1100 2420 1208 2447 feriora
1224 2419 1388 2453 turbentur,
1405 2419 1502 2455 ipsum
1519 2421 1616 2445 tamen
1632 2425 1700 2444 cum
1711 2415 1792 2443 omni
1803 2417 1880 2442 tran-

1101 2467 1244 2503 quillitate
1261 2469 1406 2494 movetur.
1431 2468 1485 2494 Aer
1506 2465 1592 2493 etiam
1608 2464 1631 2491 si
1647 2463 1741 2491 ventis
1755 2461 1879 2490 fortibus

1101 2515 1236 2550 agitetur,
1252 2513 1354 2542 radius
1369 2515 1479 2547 tamen,
1499 2512 1550 2549 qui
1565 2512 1595 2539 in
1611 2519 1645 2539 eo
1662 2512 1715 2545 est,
1735 2517 1795 2537 non
1812 2516 1878 2536 mo-

1101 2620 1163 2644 ΧΠ,
1179 2615 1219 2637 25
1234 2627 1264 2631 —
1286 2614 1304 2629 ¹²
1321 2614 1405 2644 Prota,
1421 2619 1461 2643 xl,
1482 2613 1517 2636 Π.
1533 2625 1563 2629 -
1581 2611 1598 2627 ¹³
1613 2610 1703 2638 Eccli..
1719 2615 1819 2640 xxxvii,
1838 2611 1876 2633 22.

1100 2663 1130 2668 —
1147 2650 1166 2666 ¹⁵
1183 2649 1237 2679 Job,
1256 2656 1291 2679 ⁸¹1,
1307 2651 1345 2673 27.
1361 2662 1392 2667 —
1408 2650 1428 2666 ¹⁶
1443 2650 1524 2678 Proin,
1545 2653 1598 2677 xvi,
1613 2648 1651 2671 32.

1133 2706 1165 2735 (u)
1187 2704 1258 2735 l'uly.
1275 2704 1340 2730 visu.

1926 1048 2006 1069 Exem-

1898 1078 1942 1106 pla.
