2029 3052
246 171 307 201 326

245 236 490 278 pertractarunt,
506 235 679 268 afficientes
695 235 855 275 convitiis,
875 236 1025 277 affligen-

246 292 294 322 tes
309 289 509 329 verberibus,
525 291 556 321 et
571 289 710 322 vinculis
738 289 921 330 alligantes.
941 290 1025 322 Tau-

245 345 320 376 dem
347 343 480 376 afflictos
509 343 737 384 multipliciter,
763 345 796 374 et
822 343 957 383 attritos,
986 345 1027 376 ad

245 398 421 430 Soldanum
435 421 446 437 ,
465 397 576 430 divina
595 397 781 438 disponente
805 398 1025 439 providentia,

241 453 339 494 Juxta
362 452 425 484 viri
449 452 653 490 desiderium,
686 452 918 492 perduxerunt.
947 452 1027 485 Cum

209 509 217 514 ⁴
245 506 348 547 igitur
361 506 508 547 princeps
521 505 573 537 ille
587 506 798 547 perquireret,
815 515 834 537 a
853 506 980 547 quibus,
997 509 1028 539 et

246 559 287 591 ad
301 559 378 600 quid
389 584 397 599 ‚
415 561 446 591 et
459 559 596 600 qualiter
610 559 698 591 missi
712 561 834 599 essent,
850 562 882 591 et
895 569 1029 600 quomo-

246 612 287 644 do
311 612 532 652 advenissent,
560 613 720 654 intrepido
746 613 841 645 corde
864 614 1027 654 respondit

245 666 363 698 Christi
377 675 491 698 servus
505 667 694 699 Franciseus
710 678 716 699 :
735 667 805 699 Non
817 667 858 698 ab
872 667 1004 700 homine
1018 693 1026 708 ‚

245 721 300 752 sed
310 730 329 752 a
341 720 405 752 Deo
415 720 570 752 altissimo
581 730 615 752 se
626 721 724 752 fuisse
735 721 974 761 transmissum,
992 723 1029 753 ut

245 774 275 806 ei
289 777 320 806 et
334 774 453 816 populo
468 784 527 806 suo
544 775 631 807 viam
651 775 762 806 salutis
781 776 973 814 ostenderet,
998 778 1030 808 et

245 829 451 860 annuntiaret
492 829 707 869 Evangelium
735 829 888 861 veritatis.
929 829 1030 862 Tanta

245 892 323 915 vero
339 883 456 914 mentis
471 883 658 921 constantia,
679 885 767 914 tanta
789 884 907 915 virtute
929 885 1029 916 animi

245 939 398 978 tantoque
423 937 550 969 fervore
574 938 705 978 spiritus
725 938 875 979 praedicto
890 938 1029 971 Soldano

245 991 432 1031 praedicavit
447 991 547 1022 Deum
566 991 706 1030 trinum,
731 994 762 1023 et
779 1001 895 1030 unum,
912 995 942 1024 et
958 993 1029 1024 Sal-

246 1047 390 1077 vatorem
403 1045 550 1076 omnium
566 1045 676 1077 Jesum
689 1045 862 1085 Christum,
881 1049 917 1078 ut
931 1056 1028 1078 evan-

247 1099 388 1139 gelicum
413 1099 491 1130 illud
508 1099 542 1130 in
568 1099 637 1140 ipso
662 1099 845 1131 claresceret
875 1101 1031 1132 veraciter

246 1162 314 1184 esse
337 1153 532 1194 completum
555 1154 563 1170 ¹
589 1164 595 1182 :
627 1155 696 1194 qu
727 1153 809 1186 dabo
834 1154 922 1186 vobis
942 1162 976 1187 os
1000 1158 1031 1188 ec

247 1208 456 1247 sapientiam,
483 1208 538 1239 cui
565 1215 630 1240 non
656 1210 804 1247 poterunt
830 1209 975 1241 resistere
1001 1212 1031 1241 ee

247 1260 468 1293 contradicere
485 1269 592 1294 omnes
606 1262 793 1294 adversarii
814 1264 925 1295 vestri.
951 1263 1031 1294 Nam

249 1317 279 1346 et
294 1314 452 1346 Soldanus
467 1315 691 1347 admirandum
708 1316 742 1347 in
759 1317 828 1348 viro
851 1317 902 1347 bei
925 1318 1029 1349 servo-

250 1378 319 1401 rem
336 1369 468 1410 spiritus
482 1370 680 1410 conspiciens
695 1372 726 1401 et
746 1371 911 1409 virtutem,
927 1371 1029 1403 liben-

250 1425 299 1455 ter
314 1424 420 1464 ipsum
436 1424 597 1462 audiebat,
612 1426 643 1455 et
655 1424 692 1455 aut
710 1433 833 1456 moram
845 1426 1032 1457 contrahen-

250 1477 324 1508 dam
355 1486 429 1508 cum
455 1486 493 1508 eo
514 1477 687 1509 instantius
719 1478 885 1510 invitabat.
917 1479 1030 1511 Christi

251 1539 328 1561 vero
347 1539 460 1562 servus
481 1540 620 1570 superno
634 1531 812 1563 illustratus
826 1533 954 1564 oraculo
975 1544 981 1564 :
1000 1534 1032 1564 Si

251 1584 317 1622 vis,
334 1584 453 1624 inquit,
472 1586 614 1615 converti
636 1587 671 1616 tu
686 1595 759 1617 cun]
786 1587 902 1627 populo
925 1590 979 1619 tuo
993 1589 1032 1619 ad

252 1638 425 1677 Christum,
441 1639 481 1670 ol»
497 1639 583 1669 illius
601 1649 743 1670 amorem
757 1640 920 1671 vobiscum
936 1641 1034 1672 liben-

252 1694 300 1723 ter
314 1693 547 1723 commorabor.
566 1693 654 1730 Quod
670 1694 694 1723 si
712 1694 842 1725 liaaesitas
858 1697 985 1734 propter
1001 1696 1034 1726 si-

253 1746 325 1777 dem
339 1746 453 1777 Christi
465 1747 569 1786 legem
584 1746 756 1778 Mahunieti
773 1748 944 1785 dimittere,
955 1749 1034 1787 jube

253 1801 364 1838 ignem
388 1800 515 1831 accendi
540 1801 796 1840 permaximum,
822 1804 851 1832 ct
875 1812 936 1841 ego
959 1812 1032 1833 cum

253 1854 469 1885 sacerdotibus
484 1854 548 1885 tuis
565 1855 673 1893 ignem
691 1855 865 1894 ingrediar,
878 1859 911 1886 ut
927 1857 976 1887 vel
990 1857 1035 1887 sic

253 1917 439 1946 cognoscas,
456 1918 530 1948 qum
549 1909 626 1939 sides
641 1909 756 1939 certior
773 1912 803 1940 ct
818 1910 957 1941 sanctior
971 1920 1034 1941 non

254 1961 416 1992 immerito
433 1962 567 1993 tenenda
592 1962 643 1992 sit.
669 1962 715 1992 Ad
736 1972 832 2002 quem
854 1963 1032 1995 soldanus:

256 2014 323 2046 Non
340 2015 445 2053 credo,
458 2016 541 2055 quod
555 2016 671 2055 aliquis
682 2016 720 2046 de
732 2017 947 2048 saevi-dotibus
956 2019 1036 2049 nivis

255 2078 289 2100 se
304 2069 399 2099 vellet
422 2069 490 2108 igni
508 2071 635 2109 propter
651 2070 745 2099 tidem
763 2079 853 2100 suam
871 2071 1035 2103 defensan-

255 2122 328 2153 dam
344 2131 515 2162 exponere.
534 2122 584 2153 vel
598 2132 702 2162 genus
715 2123 843 2163 aliquod
855 2125 962 2155 subire
976 2130 1036 2156 tor-

256 2176 365 2206 menti.
393 2175 521 2206 Viderat
547 2176 631 2206 enim
660 2177 765 2207 statim
795 2178 968 2217 quemdam
999 2180 1036 2211 de

258 2229 451 2269 presbyteris
467 2229 544 2267 suis,
563 2230 669 2260 virum
686 2230 906 2261 authenticum
923 2235 949 2263 ct
967 2233 1037 2264 lon-

258 2292 403 2322 gaevum,
420 2282 479 2313 hor
495 2283 604 2313 audito
620 2283 730 2321 verbo,
753 2284 791 2314 de
806 2285 871 2315 suis
886 2295 1037 2327 conspec-

258 2336 342 2367 tibus
362 2336 540 2374 aufugisse.
566 2337 612 2366 Aa
635 2346 731 2376 quem
756 2337 806 2368 vir
829 2342 977 2371 sanctus:
1005 2342 1037 2372 Si

259 2389 338 2420 mihi
353 2389 432 2421 velis
456 2389 639 2429 promittere
660 2399 716 2429 pro
739 2393 768 2421 te
791 2394 821 2421 et
836 2392 953 2432 populo
970 2396 1035 2433 tuo,

258 2443 343 2483 quod
365 2443 402 2473 ad
428 2443 541 2474 Christi
565 2443 706 2481 cultum,
730 2444 755 2473 si
782 2445 893 2483 ignem
919 2447 1038 2479 illaesus

258 2497 377 2535 exim-0,
394 2497 539 2535 veniatis,
557 2497 666 2536 ignem
684 2497 771 2528 solus
791 2499 940 2531 introibo.
958 2501 995 2532 Et
1011 2503 1037 2533 si

258 2551 440 2582 combustus
464 2552 565 2590 fuero,
590 2551 765 2591 imputetur
788 2555 923 2592 peccatis
941 2558 1034 2595 meis3

292 2632 297 2646 ¹
320 2631 385 2660 Luc„
406 2637 463 2661 xxi,
482 2633 518 2655 15.
543 2645 574 2649 —
598 2632 605 2645 ²
624 2632 661 2656 Ex
680 2632 750 2658 Offie.
767 2634 795 2657 S.
813 2634 925 2666 Martia„
941 2637 1036 2668 antiph.

260 2668 288 2691 aii
308 2667 460 2697 ΔΙΙιιφιιβὶνιιῖ.

810 168 997 201 LEGENDA
1017 169 1052 202 S.
1073 171 1099 204 F
1099 171 1291 207 RANCISCI.

1081 239 1108 271 si
1122 242 1230 274 autem
1243 242 1354 275 divina
1367 253 1421 275 me
1433 247 1609 286 protexerit
1630 249 1744 291 virtus,
1769 251 1858 284 Chri-

1081 295 1167 326 stum
1192 295 1248 328 Dei
1271 297 1425 329 virtutem
1448 300 1480 330 et
1507 300 1714 342 sapientiam,
1743 313 1860 338 verum

1081 347 1182 380 Deum
1209 351 1240 381 et
1264 350 1458 392 Dominum,
1483 351 1682 388 Salvatorem
1712 358 1860 391 omnium

1081 403 1275 441 agnoscatis.
1291 403 1449 437 Soldanus
1462 409 1572 439 autem
1594 409 1758 450 optionem
1774 411 1860 445 hane

1082 455 1225 497 accipere
1238 466 1273 489 se
1287 467 1353 496 non
1366 460 1485 492 audere
1497 463 1673 502 respondit,
1688 465 1764 505 quia
1777 466 1861 498 sedi-

1082 509 1204 541 tionem
1219 511 1330 552 populi
1351 513 1552 547 formidabat.
1569 515 1689 550 Obtulit
1710 520 1818 551 tamen
1834 519 1863 551 ei

1084 563 1186 595 multa
1206 573 1343 598 munera
1363 567 1513 608 pretiosa,
1537 579 1612 610 quae
1635 572 1686 603 vir
1709 572 1782 612 Dei,
1797 582 1864 605 non

1084 617 1320 651 mundanarum
1343 629 1465 661 rerum,
1481 623 1537 654 sed
1554 624 1666 656 salutis
1678 626 1863 659 animarum

1084 671 1210 711 avidus,
1234 674 1355 714 sprevit
1368 676 1477 708 omnia
1491 678 1584 718 quasi
1605 679 1723 711 lutum.
1749 680 1863 714 Solda-

1083 735 1146 757 nus
1160 729 1267 758 autem
1282 727 1393 760 videns
1414 730 1522 762 virum
1541 735 1687 764 sanctum
1709 736 1775 766 tam
1789 744 1863 776 per-

1083 780 1201 812 fectum
1219 790 1329 813 rerum
1354 784 1569 817 mundialium
1590 789 1862 829 contemptorem,

1083 834 1294 867 admiratione
1307 839 1482 877 permotus,
1495 841 1650 880 maj0rem
1666 850 1748 882 erga
1758 842 1864 883 ipsum

1084 889 1286 922 devotionem
1305 893 1457 933 concepit.
1481 893 1520 925 Et
1539 896 1688 935 quamvis
1704 896 1745 928 ad
1767 897 1865 929 fidem

1085 942 1291 975 christianam
1312 946 1448 978 transire
1468 947 1575 987 nollet,
1599 949 1651 980 vel
1672 950 1781 982 forsan
1799 960 1866 983 non

1085 996 1237 1037 auderet,
1276 999 1403 1038 rogavit
1432 1002 1540 1032 tamen
1566 1001 1680 1034 devote
1707 1003 1867 1036 famulum

1086 1049 1213 1090 Christi,
1230 1054 1265 1083 ut
1280 1052 1431 1092 praedicta
1445 1054 1618 1095 susciperet
1631 1065 1690 1097 pro
1706 1057 1807 1090 salute
1822 1058 1868 1100 ip-

1086 1104 1153 1135 sius
1167 1105 1347 1137 christianis
1363 1108 1558 1148 pauperibus
1573 1110 1624 1141 vel
1639 1111 1778 1143 ecclesiis
1799 1121 1867 1144 ero-

1087 1159 1204 1198 ganda.
1228 1160 1296 1200 Ipse
1310 1170 1397 1201 vero⁷
1415 1163 1491 1202 quia
1505 1164 1632 1204 pondus
1648 1165 1794 1205 fugiebat
1811 1176 1867 1207 pe-

1087 1212 1202 1250 cuniae,
1218 1216 1249 1244 et
1264 1214 1296 1245 in
1311 1215 1420 1247 animo
1432 1216 1561 1248 Soldaui
1571 1227 1657 1250 vcrae
1669 1219 1793 1259 pietatis
1803 1230 1868 1252 non

1088 1266 1215 1298 videbat
1236 1268 1386 1308 radicem,
1412 1270 1596 1303 nullatenus
1620 1273 1792 1313 acquievit.
1808 1274 1868 1305 Vi-
1900 1289 1906 1294 ·

1088 1320 1166 1351 dens
1180 1322 1275 1352 etiam
1292 1332 1325 1354 se
1339 1333 1404 1354 non
1428 1326 1581 1364 proficere
1604 1327 1637 1357 in
1660 1328 1868 1360 conversione

1089 1375 1196 1414 gentis
1210 1375 1303 1415 illius,
1319 1386 1377 1408 nec
1392 1387 1487 1409 suum
1504 1381 1628 1420 assequi
1642 1390 1733 1421 posse
1749 1391 1867 1422 propo-

1089 1429 1196 1468 situm,
1212 1430 1250 1461 ad
1267 1433 1371 1471 partes
1387 1432 1530 1464 fidelium
1545 1433 1655 1465 divina
1676 1435 1870 1468 revelatione

1089 1485 1300 1524 praemonitus
1315 1487 1480 1518 remeavit.
1506 1488 1558 1519 Sic
1577 1488 1685 1529 itaque
1705 1488 1758 1520 Dei
1781 1489 1870 1521 ordi-

1089 1540 1185 1569 nante
1208 1539 1388 1578 clementia,
1410 1543 1441 1572 et
1463 1542 1563 1573 sancti
1584 1542 1645 1574 viri
1669 1545 1870 1583 promerente

1090 1593 1221 1631 virtute,
1238 1594 1485 1626 misericorditer
1498 1598 1528 1626 et
1544 1596 1731 1628 mirabiliter
1752 1598 1868 1629 sactum

1090 1649 1147 1682 est,
1171 1647 1256 1686 quod
1279 1647 1394 1678 Christi
1419 1649 1540 1680 amicus
1564 1652 1699 1681 mortem
1720 1659 1777 1691 pro
1802 1651 1870 1691 ipso

1091 1700 1215 1731 viribus
1229 1702 1301 1732 totis
1315 1702 1509 1742 exquireret,
1526 1707 1556 1735 et
1568 1706 1675 1735 tamen
1686 1705 1871 1736 nullatenus

1090 1753 1260 1792 inveniret,
1286 1757 1321 1786 ut
1344 1758 1374 1786 et
1400 1756 1512 1787 merito
1537 1766 1601 1788 non
1624 1760 1745 1789 careret
1771 1759 1871 1798 optati

1093 1808 1248 1848 martyrii,
1260 1811 1289 1839 ct
1302 1809 1526 1849 insigniendus
1539 1813 1720 1842 servaretur
1730 1812 1762 1842 in
1772 1813 1872 1852 poste-

1092 1871 1165 1892 rum
1182 1862 1355 1902 privilegio
1370 1863 1541 1902 singulari.
1559 1864 1611 1895 Sic
1627 1865 1738 1904 utique
1754 1865 1873 1896 sactum

1093 1918 1150 1954 cst,
1168 1920 1202 1946 nt
1216 1917 1302 1956 ignis
1313 1917 1364 1948 ille
1375 1918 1504 1949 divinus
1519 1919 1623 1949 adhuc
1638 1919 1809 1959 perfectius
1825 1919 1871 1959 ip-

1093 1970 1160 2000 sius
1184 1973 1335 2002 aestuaret
1359 1972 1391 2002 in
1414 1972 1523 2010 corde,
1555 1975 1589 2003 ut
1618 1975 1688 2012 post
1714 1973 1874 2013 potentius

1093 2027 1280 2064 evaporaret
1295 2025 1445 2056 incarne.
1464 2026 1487 2056 Ο
1504 2034 1578 2057 vere
1603 2026 1731 2056 beatum
1747 2026 1871 2065 virum,

1095 2079 1188 2117 quus
1199 2087 1282 2114 caro,
1296 2079 1353 2109 etsi
1367 2079 1534 2118 tyrannico
1550 2080 1632 2110 ferro
1647 2088 1711 2110 non
1724 2079 1872 2117 caeditur,

1095 2131 1187 2161 occisi
1211 2133 1315 2162 tamen
1340 2132 1424 2171 Agni
1449 2132 1656 2163 similitudine
1680 2142 1745 2164 non
1768 2133 1874 2173 priva-

1095 2186 1167 2215 tur!
1186 2186 1221 2222 (i,
1239 2185 1383 2225 inquam,
1401 2195 1476 2216 vere
1491 2195 1526 2216 ac
1546 2186 1637 2226 plene
1659 2187 1799 2224 beatum,
1817 2195 1874 2218 cu-

1089 2237 1146 2275 jus
1156 2239 1299 2270 animam
1311 2239 1371 2270 etsi
1381 2238 1511 2278 (stadius
1524 2240 1733 2279 persecutoris
1743 2247 1807 2271 non
1821 2239 1874 2272 ab·

1094 2291 1195 2330 sczctic,
1212 2292 1351 2331 patrnam
1365 2296 1470 2325 tamen
1480 2294 1634 2333 martyrii
1642 2301 1706 2326 non
1717 2294 1828 2326 amisit
1837 2293 1847 2310 ²
1860 2293 1874 2324 Ι

1356 2401 1535 2435 CAPUT
1566 2402 1608 2435 X.

1250 2483 1287 2510 De
1306 2483 1396 2510 studio
1416 2486 1440 2511 ec
1459 2485 1559 2511 rirtutc
1578 2484 1719 2511 orationis.

1137 2560 1281 2591 Sentiens
1313 2561 1423 2592 Christi
1449 2571 1562 2592 servus
1593 2560 1777 2592 Franciscus
1801 2569 1871 2592 cor-

1098 2623 1173 2654 pore
1186 2624 1219 2645 se
1235 2616 1443 2655 peregrinum
1458 2626 1476 2646 a
1492 2616 1635 2653 Domino,
1652 2624 1726 2646 cum
1747 2616 1816 2654 jam
1831 2615 1870 2646 ad

1097 2671 1222 2699 terrena
1238 2669 1314 2699 foris
1324 2669 1477 2699 desideria
1488 2678 1544 2709 per
1554 2669 1667 2700 Christi
1684 2669 1868 2700 charitatem
