2029 3052
618 212 658 244 lN
680 210 871 244 REGULAM
891 209 1085 244 FRATRUM
1108 212 1304 246 MINORUM.

152 281 286 319 novata;
315 289 500 322 magnaque
520 282 568 313 est
590 278 778 321 huiusmodi
806 278 930 319 regulae

152 333 384 374 professoribus
396 335 533 367 materia
551 334 665 372 solatii,
677 333 735 375 qui
748 333 806 365 soli
821 332 855 364 in
870 332 932 364 hoc

152 387 274 420 mundo
289 388 388 419 vitam
408 388 496 420 illam
517 388 556 420 ad
570 387 708 419 litteram
727 387 929 428 profitentur,

151 450 250 481 quam
267 442 427 482 Apostolis
442 442 482 474 ad
496 441 736 484 praedicandum
754 440 859 472 missis
873 440 932 471 Do-

151 495 259 527 minus
281 497 529 528 commendavit.
552 496 614 529 Sed
637 505 711 528 cum
731 495 835 527 dicat:
854 494 930 527 Hoec

150 549 260 590 regula
278 552 334 590 esi,
351 553 499 584 sanctum
513 551 635 584 scilicet
649 549 862 591 Evanqelium
876 549 931 582 ob-

150 611 296 643 servare3
313 605 473 646 numquid
495 607 648 637 voventes
660 605 745 636 hanc
758 603 908 643 regulam
919 627 928 642 ‚

149 660 270 690 vovent
294 668 352 700 per
377 668 574 700 consequens
601 668 732 690 omnem
762 657 929 698 Evangelii

150 712 398 753 perfectionem?
419 713 492 745 Dico
514 713 600 754 quod
619 722 695 752 non,
721 721 796 744 cum
810 712 843 743 in
861 712 930 753 ipsa

150 767 266 807 regula
277 777 376 808 quam
391 769 521 806 vovent,
542 767 692 808 quaedam
711 766 880 798 monitorie
897 768 930 797 et

149 821 366 852 exhortatorie
385 821 637 861 subjtingantur.
663 820 743 852 Cum
761 829 842 860 ergo
862 829 929 852 non

149 883 278 906 omnem
301 874 426 914 regulae
447 876 571 915 partem
595 876 715 907 vovent
743 874 926 912 observare,

149 928 252 960 multo
267 929 374 968 magis
387 938 453 960 non
467 930 587 960 vovent
600 928 687 969 quod
701 937 767 959 non
777 927 929 969 exprimi-

149 984 203 1014 tur
216 982 249 1014 in
264 983 385 1014 eadem.
403 982 460 1014 Cui
475 982 578 1013 simile
592 984 654 1021 est,
675 982 761 1023 quod
777 991 872 1022 super
887 981 927 1012 il-

149 1035 206 1067 lud
215 1035 334 1067 Psalmi
343 1037 351 1053 ¹
365 1047 372 1067 ε
389 1036 514 1075 Vovele,
527 1039 557 1069 et
567 1035 707 1075 reddite,
721 1036 796 1067 dicit
804 1035 925 1076 Glossa‚

148 1089 234 1130 quod
255 1090 403 1131 quaedam
424 1091 500 1122 vota
523 1092 598 1122 sunt
617 1090 803 1122 communia
821 1090 927 1122 omni-

148 1143 221 1183 buS,
237 1145 275 1175 ut
290 1153 409 1176 vovere
423 1144 531 1184 fidem,
547 1144 773 1175 abrenuntiare
787 1144 926 1183 diabolo,

148 1199 180 1228 et
195 1197 320 1238 pompis
333 1198 489 1238 ejusdem,
503 1207 569 1229 non
582 1198 758 1239 superbire,
774 1207 840 1230 non
850 1198 928 1230 occi-

149 1251 236 1291 dere,
251 1254 282 1283 et
296 1251 496 1292 hujusmodi,
513 1254 543 1283 et
558 1252 596 1284 de
609 1252 659 1283 liis
676 1252 827 1284 omnibus
843 1261 926 1293 prae-

149 1306 288 1346 cipitur:
318 1306 439 1344 Vovete,
462 1309 491 1338 et
511 1306 649 1339 reddite.
671 1305 760 1338 Sicut
783 1315 873 1346 ergo,
893 1306 927 1337 in

147 1360 209 1391 hoc
231 1369 352 1400 genere
374 1360 452 1399 voti,
477 1369 540 1392 non
561 1360 755 1400 intelligitur
778 1369 927 1401 expresse

148 1414 260 1446 voveri
280 1414 321 1445 ab
342 1414 493 1445 omnibus
513 1414 695 1445 christianis
708 1415 925 1455 praeceptorie‚

148 1468 208 1499 nisi
230 1468 317 1509 quod
342 1469 549 1509 praeceptorie
573 1468 607 1499 in
627 1468 702 1508 lege
725 1469 856 1509 ponitur
879 1468 928 1500 di-

148 1522 244 1559 vina;
262 1522 309 1553 sic
332 1531 392 1553 nec
411 1524 477 1554 tota
497 1522 564 1553 vita
584 1522 771 1562 evangelica
791 1524 928 1554 vovetur

149 1576 189 1607 ab
204 1576 390 1616 hujusmodi
405 1577 530 1616 regulae
538 1577 780 1617 professoribus,
792 1577 847 1608 sed
861 1578 928 1608 tan-

148 1633 218 1661 tum
232 1630 286 1661 illa
301 1632 371 1671 eJus
381 1640 466 1671 pam,
479 1640 552 1671 quae
563 1640 603 1662 ex
612 1630 737 1670 regulae
750 1630 927 1662 intentione

148 1683 326 1724 imponitur
353 1684 546 1724 obligatorie
568 1685 776 1716 observanda.
803 1684 927 1716 Vovent

149 1747 228 1777 ergo
249 1739 361 1769 fratres
381 1740 482 1770 totam
506 1738 652 1778 regulam
674 1738 851 1770 secundum
875 1738 926 1769 in-

148 1792 325 1824 tentionem
351 1793 597 1832 mandatorum,
622 1792 738 1833 partim
763 1792 802 1823 ad
817 1792 928 1823 obser-

149 1846 304 1885 vantiam,
317 1848 354 1877 ut
365 1847 570 1887 praeceptorie
582 1847 742 1886 imposita,
756 1846 874 1887 partim
887 1845 927 1876 ad

148 1901 361 1932 reverentiam
376 1902 407 1931 et
421 1900 682 1940 approbationem
697 1900 837 1938 illorum,
854 1908 927 1940 quae

148 1963 214 1985 non
224 1956 289 1985 tam
300 1954 506 1995 praeceptorie
517 1954 739 1994 imponuntur,
754 1963 853 1994 quam
864 1962 928 1984 me-

150 2008 259 2039 ritorie
280 2010 515 2048 proponuntur,
544 2008 599 2039 tali
627 2007 725 2039 statui
749 2007 928 2048 specialiter

149 2061 344 2100 aemulanda,
364 2065 400 2094 ut
412 2064 459 2093 est
477 2062 556 2093 illud
576 2062 661 2102 quod
680 2062 764 2092 iufra
785 2061 900 2092 dicitur
917 2071 924 2092 :

153 2116 249 2148 Orare
264 2124 385 2156 semper
405 2116 449 2148 ad
470 2117 568 2148 Deum
586 2124 669 2156 puro
689 2115 793 2154 corde,
816 2114 927 2147 habere

149 2169 362 2203 humilitatem
387 2174 417 2203 et
433 2171 630 2210 patientiam
653 2171 690 2202 in
710 2170 927 2209 persecutione

150 2227 181 2255 et
205 2224 411 2263 infirmitate.
436 2224 522 2256 Licet
544 2225 630 2255 enim
653 2224 814 2256 virtutum
839 2225 928 2254 actus

150 2277 213 2308 sint
227 2278 261 2308 in
275 2280 445 2318 praecepto,
461 2280 549 2309 tanta
567 2280 675 2309 tamen
697 2279 829 2308 actuum
841 2286 927 2317 prae-

149 2331 296 2362 cellentia
305 2332 385 2363 nulli
395 2331 600 2372 praeceptorie
608 2331 794 2372 imponitur,
807 2333 927 2371 quanta

149 2384 184 2415 in
198 2385 345 2425 pluribus
360 2385 504 2426 capitulis
519 2385 643 2425 regulae
659 2385 850 2416 continetur.
869 2384 928 2416 Vo-

150 2442 227 2472 vent
241 2449 320 2479 ergo
335 2439 447 2470 fratres
462 2439 677 2479 Evangelium
690 2439 801 2470 eodem
817 2438 924 2477 modo,

149 2494 268 2535 partim
287 2493 404 2524 scilicet
425 2494 464 2524 ad
487 2493 736 2531 observantiam,
756 2492 872 2532 partim
887 2492 927 2523 ad

150 2548 365 2580 reverentiam
380 2547 560 2588 specialem,
576 2556 674 2587 quam
689 2546 787 2585 decet,
805 2548 836 2577 et
850 2555 926 2578 con-

153 2602 242 2641 gruit
256 2604 343 2633 tanto
359 2601 454 2633 statui
465 2601 625 2632 aemulari.

186 2685 189 2697 ¹
206 2684 275 2707 Psal.
295 2689 373 2713 Lxxv,
396 2685 434 2707 12.
449 2696 480 2700 -—-
498 2683 505 2697 ²
523 2683 530 2706 l
547 2683 626 2709 Petr..
644 2687 667 2712 Ι,
687 2682 726 2705 22.
742 2694 773 2698 -—
791 2681 801 2697 ³
818 2680 928 2712 Philip..

152 2725 181 2749 1!,
197 2721 219 2743 S.
236 2732 263 2737 -·
278 2719 288 2736 ⁴
303 2719 404 2749 Mane„
419 2725 472 2750 xvi,
489 2720 528 2743 24.
544 2731 573 2736 -
588 2719 596 2732 '³
610 2718 678 2746 Lucu,
698 2723 727 2748 11,
746 2719 784 2741 51.

1709 219 1769 250 559

1028 280 1076 312 Ex
1093 280 1143 312 his
1166 290 1246 322 ergo
1263 282 1350 322 patet
1370 289 1460 313 error
1475 281 1662 323 dicentium,
1683 285 1768 325 quod

987 337 1141 366 voventes
1154 335 1240 367 hanc
1254 335 1403 375 regulam
1418 338 1538 368 vovent
1547 337 1644 368 etiam
1658 338 1769 370 omnia

987 389 1205 429 praeceptorie,
1218 398 1292 430 quae
1300 389 1333 420 in
1345 389 1413 430 ipsa
1422 390 1538 430 regula
1546 391 1765 422 continentur:

986 441 1048 473 hoc
1064 442 1151 473 enim
1164 445 1212 475 est
1222 445 1333 474 contra
1343 444 1490 483 regulam
1505 445 1682 483 manifeste,
1694 455 1768 485 quae

987 503 1138 535 expresse
1155 496 1324 537 distinguit
1339 497 1531 530 monitiones
1548 507 1567 529 a
1586 499 1765 539 praeceptis.

1027 548 1181 590 Sequitur
1203 559 1211 581 :
1243 551 1389 584 Vivendo
1411 551 1448 583 in
1469 551 1670 591 obedientia,
1699 553 1769 585 sine

983 604 1117 643 proprio
1131 628 1141 642 ,
1163 606 1192 636 et
1211 605 1248 636 in
1271 606 1430 638 castitate.
1452 605 1540 637 Circa
1560 606 1645 647 quod
1660 606 1767 638 dieen-

985 657 1063 688 dum
1074 681 1084 696 ,
1101 658 1186 698 quod
1201 658 1382 690 obedientia
1396 668 1462 690 uno
1478 660 1573 691 modo
1592 662 1640 691 est
1663 660 1767 692 virtus

985 711 1147 742 contraria
1161 711 1396 751 inobedientiae,
1412 715 1444 744 et
1453 713 1500 744 sic
1514 713 1604 744 omni
1619 714 1769 745 convenit

985 764 1181 804 Christiano;
1204 766 1244 797 de
1262 775 1326 806 qua
1349 767 1462 798 Petrus
1476 767 1488 784 ²
1517 778 1523 798 :
1541 767 1766 807 Castificantes

983 819 1113 852 animas
1122 822 1244 852 vestras
1255 821 1291 852 in
1299 820 1482 854 obedientia
1493 811 1679 854 charitatis.
1693 821 1765 852 Alio

984 873 1080 904 modo
1095 873 1276 905 obedientia
1286 874 1360 905 dicit
1370 876 1488 906 statum
1502 875 1696 906 eminentem
1705 875 1766 906 hu-

979 927 1035 966 jus
1049 926 1189 966 virtutis,
1207 928 1336 968 quando
1350 928 1466 969 aliquis
1476 937 1541 960 non
1554 930 1680 960 tantum
1693 929 1764 960 obe-

983 979 1029 1010 dit
1043 979 1118 1019 Deo,
1132 989 1247 1012 verum
1263 981 1358 1012 etiam
1374 981 1498 1013 homini
1509 984 1637 1023 propter
1648 982 1762 1014 Deum.

983 1033 1062 1065 ltem
1089 1033 1152 1065 Deo
1164 1034 1271 1065 obedit
1287 1044 1352 1066 non
1366 1037 1494 1066 tantum
1510 1038 1544 1067 in
1564 1037 1763 1075 necessariis,

983 1096 1101 1119 verum
1117 1088 1213 1119 etiam
1227 1088 1261 1119 in
1286 1089 1437 1120 omnibus
1452 1090 1745 1130 supererogationis
1755 1114 1763 1128 ,

983 1143 1014 1172 et
1035 1141 1152 1173 divinis
1174 1142 1436 1182 inspirationibus
1459 1144 1632 1183 universis,
1663 1153 1767 1184 quan-

982 1197 1196 1236 tumcumque
1206 1195 1389 1227 difficilibus
1397 1199 1428 1228 et
1435 1197 1554 1236 arduis,
1566 1197 1652 1229 illius
1661 1207 1766 1229 exem-

982 1249 1046 1290 plo,
1063 1250 1119 1290 qui
1136 1250 1240 1289 factus
1258 1253 1306 1283 est
1330 1250 1477 1283 obediens
1494 1260 1593 1292 usque
1614 1252 1658 1284 ad
1680 1261 1763 1285 mor-

983 1307 1056 1343 tem,
1073 1306 1109 1335 ut
1122 1304 1198 1336 dicit
1213 1304 1332 1336 Paulus
1345 1305 1366 1343 ³,
1388 1306 1445 1346 qui
1465 1307 1547 1337 mori
1565 1307 1697 1338 minime
1716 1310 1763 1339 te-

982 1359 1131 1389 nebatur.
1159 1358 1235 1389 Haec
1252 1359 1431 1390 obedientia
1452 1369 1492 1391 ex
1517 1361 1617 1392 verbo
1639 1361 1765 1393 Domini

982 1412 1159 1451 descendit,
1182 1412 1238 1452 qui
1262 1412 1383 1444 dicitss:
1409 1414 1445 1446 Si
1465 1415 1538 1454 quis
1565 1415 1634 1448 vult
1655 1416 1764 1448 venire

980 1469 1053 1506 post
1067 1475 1129 1506 me,
1152 1467 1280 1508 abneget
1299 1470 1516 1509 semetipsum,
1540 1472 1599 1501 etc.
1624 1470 1686 1502 Sed
1706 1471 1765 1501 tri-

985 1520 1057 1560 plex
1072 1523 1118 1551 est
1139 1521 1190 1552 sui
1214 1521 1397 1562 abnegatio.
1422 1522 1491 1554 Una
1512 1526 1559 1554 est
1584 1524 1764 1555 necessaria

982 1584 1040 1614 per
1069 1574 1202 1606 modum
1228 1576 1532 1616 subcontrarietatis,
1559 1587 1625 1618 qua
1646 1578 1763 1609 scilicet

981 1628 1080 1660 homo
1100 1630 1132 1660 in
1159 1630 1351 1671 quibusdam
1374 1639 1443 1662 suae
1463 1631 1622 1662 voluntati
1641 1641 1762 1663 renun-

982 1683 1051 1721 tiat,
1062 1685 1098 1714 ut
1111 1683 1146 1714 in
1160 1684 1317 1724 peccatis;
1335 1685 1367 1715 in
1384 1685 1454 1716 aliis
1467 1695 1556 1723 vero,
1573 1688 1610 1718 ut
1623 1687 1658 1718 in
1672 1686 1765 1717 indif-

982 1737 1168 1775 ferentibus,
1198 1738 1258 1769 sibi
1286 1739 1401 1771 retinet
1428 1749 1520 1771 suam
1549 1741 1762 1772 voluntatem.

981 1790 1053 1822 Alia
1067 1793 1114 1822 est
1129 1792 1178 1822 sui
1193 1793 1363 1832 abnegatio
1376 1803 1433 1834 per
1448 1795 1580 1826 modum
1592 1795 1764 1826 contrarie-

982 1844 1067 1883 tatis,
1092 1847 1128 1875 ut
1148 1845 1259 1876 inillis
1281 1847 1450 1886 omnibuS,
1467 1848 1534 1879 sive
1555 1848 1762 1889 simpliciter,

981 1898 1048 1929 sive
1066 1899 1289 1937 accommode,
1305 1909 1371 1931 suae
1391 1902 1578 1933 renuntiant
1590 1903 1762 1941 voluntati,

981 1952 1063 1983 nihil
1079 1952 1234 1991 volentes,
1247 1953 1314 1984 sive
1327 1957 1471 1994 agentes,
1484 1956 1661 1987 secundum
1671 1966 1764 1988 suam

981 2006 1193 2045 voluntatem,
1201 2006 1254 2037 vel
1263 2008 1439 2038 secundum
1448 2011 1565 2040 nutum
1576 2019 1642 2041 suae
1652 2010 1765 2041 volun-

981 2060 1064 2090 tatis.
1089 2059 1132 2091 De
1153 2069 1216 2100 qua
1239 2060 1314 2091 dicit
1334 2061 1486 2101 quidam:
1508 2062 1559 2093 Nil
1582 2063 1707 2104 fragrat
1721 2064 1765 2095 ita

982 2112 1116 2145 Domino
1131 2114 1165 2144 in
1179 2114 1310 2145 odorem
1325 2115 1503 2155 suavitatis,
1525 2126 1624 2157 quam
1640 2118 1667 2148 si
1681 2127 1764 2149 mac-

981 2169 1068 2198 tetur
1092 2167 1228 2199 Domino
1255 2169 1379 2200 vitulus
1409 2171 1546 2210 propriae
1576 2171 1761 2202 voluntatis.

981 2220 1141 2252 Nimirum
1155 2221 1348 2253 altissimum
1364 2225 1411 2254 est
1426 2223 1459 2254 in
1474 2224 1604 2256 homine
1621 2227 1764 2257 rationa-

981 2274 1020 2305 lis
1029 2275 1188 2306 voluntas.
1200 2275 1401 2307 Altissimum
1410 2286 1488 2317 ergo
1500 2281 1546 2309 est
1558 2279 1759 2318 sacrificium,

982 2338 1053 2360 eam
1073 2329 1212 2360 totaliter
1235 2329 1368 2362 Domino
1390 2340 1585 2369 consecrare,
1608 2341 1674 2363 non
1689 2334 1762 2363 tan-

981 2384 1052 2413 tum
1071 2383 1132 2423 ipsi
1154 2383 1218 2414 Deo
1242 2384 1429 2423 obediendo,
1452 2385 1506 2416 sed
1525 2385 1621 2416 etiam
1636 2385 1762 2416 homini

981 2440 1110 2478 propter
1129 2438 1230 2469 Deum
1247 2450 1253 2469 :
1273 2448 1347 2470 cum
1363 2441 1394 2470 et
1412 2439 1490 2480 ipse,
1507 2439 1546 2470 ad
1560 2439 1621 2470 hoc
1645 2439 1762 2470 docen-

982 2491 1071 2528 dum,
1096 2494 1264 2532 parentum
1281 2502 1415 2524 suorum
1430 2492 1577 2524 subditus
1591 2493 1686 2523 fuerit
1702 2502 1760 2524 vo-

981 2544 1110 2583 luntati,
1125 2548 1162 2576 ut
1176 2545 1336 2585 legituriu
1353 2547 1439 2577 Luca
1450 2547 1470 2576 ⁵.
1486 2545 1539 2576 Est
1552 2546 1648 2577 etiam
1663 2546 1760 2577 abne-

983 2598 1072 2638 gatio
1087 2599 1191 2639 tertia,
1212 2600 1302 2640 quasi
1325 2600 1577 2639 contradictoria,
1605 2609 1678 2641 quae
1691 2609 1762 2640 pro-
1784 2623 1787 2625 -

982 2653 1085 2692 priam
1105 2654 1236 2694 exponit
1251 2654 1351 2685 vitam
1372 2663 1430 2694 pro
1448 2654 1551 2694 gloria
1572 2654 1758 2686 Conditoris.

983 2708 1167 2740 Obedientia
1178 2712 1296 2747 tamen,
1305 2711 1400 2749 prout
1410 2709 1608 2741 dieitstatum
1619 2709 1760 2740 eminen-
