2029 3052
583 246 867 279 RESPONSIONIS
890 247 1082 280 SECUNDAE
1105 249 1234 283 CAPUT
1257 252 1295 283 11.

133 315 327 356 prehensum
348 315 490 352 aPaulo
503 339 511 355 ,
538 315 614 356 quia
635 315 828 347 abstinentia
853 324 911 346 sua

132 369 363 402 scandalizabat
397 369 555 401 infirmos.
590 368 729 408 Verum,
760 368 842 400 sicut
870 378 911 400 ex

132 425 222 455 textu
237 425 370 464 apparet
380 423 522 465 Apostoli
534 424 555 462 ¹,
571 432 636 455 non
651 423 684 454 in
697 423 758 454 hoc
772 432 912 463 arguen-

133 478 193 509 dus
209 479 278 509 erat
294 477 416 516 Petrus,
433 477 518 518 quod
532 477 760 509 abstinentium
776 486 875 515 more,
892 486 912 508 a

132 531 211 563 cibis
225 531 461 563 delicatioribus
475 540 602 563 carnem
620 531 842 571 restringeret3
857 531 910 562 sed

131 585 208 625 quia
222 593 311 616 more
326 584 341 616 J
344 585 512 617 udaeorum
528 585 614 617 cibos
626 585 820 623 discernens,
833 584 912 616 Gen-

129 638 200 670 tiles
220 638 352 670 faciebat
373 639 521 680 exemplo
546 649 603 670 suo
622 639 798 680 judaizare.
822 638 911 677 Quod

131 702 210 725 vero
225 693 406 734 subjungit,
423 692 584 724 Christum
600 693 773 725 comedisse
786 702 911 733 agnum

129 747 324 787 paschalem,
341 756 439 788 quem
456 747 621 779 comedere
642 757 708 778 non
729 748 909 786 tenebatur,

129 801 191 832 nisi
206 811 246 833 ne
263 801 338 833 inde
353 801 511 841 praeberet
524 800 540 832 J
544 801 643 832 udaeis
657 801 797 832 scandali
819 810 909 832 occa-

127 855 263 893 sionem,
279 855 481 886 manifestam
500 854 733 896 blasphemiam
756 854 907 886 continet.

129 907 211 940 Nam
227 909 381 950 Christus,
404 919 479 941 cum
496 911 577 941 esset
600 909 754 941 Dominus
773 909 855 949 legis
880 911 911 940 et

127 963 290 1002 omnium,
314 964 411 995 etiam
435 973 509 995 cum
533 963 681 995 scandalo
702 963 908 1001 Judaeorum,

128 1025 202 1057 quae
219 1016 258 1057 (a)
276 1017 423 1057 sublege
446 1019 549 1055 erant,
567 1017 687 1057 legales
709 1017 911 1049 caerimonias

128 1071 295 1111 praeterire
315 1073 450 1112 poterat,
473 1081 532 1103 nee
553 1081 595 1102 ex
616 1072 768 1110 tentione,
790 1072 844 1102 sed
870 1081 911 1102 ex

129 1125 395 1156 condescensione
423 1126 507 1165 legis
536 1125 687 1165 figuralia
709 1126 909 1157 observabat.

129 1177 284 1217 Tandem,
301 1180 378 1220 quia
391 1180 509 1211 veritas
524 1180 624 1211 vincit
639 1189 765 1220 semper
778 1181 809 1210 et
824 1180 912 1211 inva-

128 1231 229 1272 lescit,
246 1235 339 1273 cujus
354 1233 465 1265 lumen
480 1234 564 1265 inter
578 1234 691 1265 densas
706 1243 855 1265 errorum
869 1235 912 1265 te-

129 1286 245 1318 nebras
259 1287 373 1327 radiat,
390 1288 459 1328 ejus
479 1287 572 1328 quasi
591 1288 710 1319 virtute
725 1286 911 1327 compulsus

129 1340 330 1372 abstinentiae
346 1341 449 1372 hostis
463 1341 502 1372 ad
518 1350 601 1379 eam,
620 1350 718 1382 quam
736 1341 908 1381 impugna-

129 1398 229 1433 verat,
242 1395 437 1427 laudandam
452 1396 659 1434 convertitur,
683 1405 756 1427 cum
772 1396 910 1435 subjun-

129 1449 188 1489 git,
205 1449 291 1490 quod
306 1449 410 1480 tribus
429 1459 469 1480 ex
491 1449 594 1480 causis
609 1449 670 1481 viri
692 1449 793 1480 sancti
813 1449 909 1480 absti-

127 1506 290 1535 nuerunt:
309 1503 414 1544 primo
427 1506 557 1543 propter
577 1504 822 1534 macerationem
841 1512 909 1534 car-

127 1557 195 1596 nis,
225 1557 265 1588 ad
289 1557 505 1589 edomandum
534 1557 808 1597 concupiscentias
819 1568 826 1596 ;
859 1566 908 1588 se-

128 1611 233 1642 cundo
259 1613 389 1651 propter
416 1611 573 1642 cautelam
598 1610 738 1642 scandali
763 1611 910 1642 infirmo-

127 1674 221 1704 rum3
248 1665 343 1696 tertio
371 1667 500 1706 propter
522 1665 728 1697 evitationem
753 1665 910 1705 idolothy-

127 1721 247 1750 torum.
286 1719 362 1751 Haec
389 1719 546 1760 siquidem
581 1729 657 1751 vera
684 1721 759 1750 sunt
772 1743 779 1756 ,
811 1721 842 1750 et
869 1719 910 1749 ab

127 1773 313 1813 Augustino
328 1777 456 1814 sumpta
469 1774 501 1804 in
516 1774 598 1804 libro
615 1775 658 1805 De
673 1773 815 1806 moribus
839 1774 908 1804 Ma-

129 1829 343 1869 nichoeorum,·
358 1829 412 1860 sed
428 1830 515 1860 hunc
532 1829 686 1869 triplicem
701 1829 846 1859 veritatis
861 1838 910 1859 ra·

129 1883 238 1921 dium,
264 1883 397 1924 triplicis
419 1884 535 1914 erroris
559 1883 697 1923 caligine
721 1883 910 1914 obnubilare

129 1940 272 1968 conatur.
290 1937 372 1968 Nam
394 1938 498 1977 primo
521 1938 605 1976 dicit,
628 1937 712 1977 quod
734 1937 833 1967 sancti
849 1937 908 1968 Pa-

128 1994 192 2023 tres
223 2001 287 2023 non
320 1992 512 2022 tenebantur
545 1991 703 2022 abstinere
733 1991 810 2022 cibis
839 1991 909 2030 lege

127 2046 316 2087 prohihitiS,
345 2046 403 2077 nisi
429 2048 559 2086 propter
581 2046 750 2077 vitandum
774 2045 909 2076 scanda-

127 2100 207 2139 lum,
225 2101 310 2141 quod
326 2100 504 2141 pertinebat
527 2100 566 2131 ad
581 2109 704 2131 novum
728 2099 910 2130 Testamen-

128 2156 211 2193 tum3
232 2156 263 2185 et
277 2155 338 2185 hoc
352 2154 467 2185 falsum
482 2156 539 2185 est.
557 2153 646 2185 Unde
661 2153 864 2193 Augustinus
876 2154 886 2170 ²
900 2165 906 2185 :

132 2220 146 2238 «
161 2207 372 2247 Maehabaeos,
389 2208 504 2248 inquit,
529 2217 603 2239 cum
625 2207 750 2247 ingenti
769 2207 908 2238 admira-

128 2262 213 2293 tione
229 2263 440 2302 praeferimus,
463 2262 547 2302 quod
570 2271 666 2300 escas,
684 2262 801 2301 quibus
822 2271 909 2292 nunc

127 2316 211 2347 licite
237 2316 406 2347 Christiani
430 2318 580 2354 utuntur,
611 2316 771 2355 attingere
799 2316 909 2346 nolue-

128 2373 215 2410 runt,
232 2371 308 2411 quia
324 2380 380 2411 pro
397 2373 540 2411 tempore
564 2371 724 2411 prohibito
746 2380 811 2402 non
834 2371 909 2402 lice-

127 2425 192 2455 bat.
211 2436 225 2454 ))
247 2425 393 2456 Secundo
407 2425 505 2463 addit,
523 2425 609 2464 quod
629 2425 773 2455 Christus
791 2424 840 2455 his
855 2425 909 2455 tri-

127 2479 187 2509 bus
201 2479 304 2510 modis
312 2479 483 2516 abstinuit;
500 2479 532 2508 in
548 2488 613 2518 quo
627 2488 692 2509 non
707 2479 810 2509 solum
820 2479 908 2510 ober-

128 2534 177 2563 rat
188 2533 237 2573 (b),
245 2533 296 2564 sed
307 2533 398 2564 solito
406 2533 500 2563 modo
511 2532 721 2572 blasphemat.
731 2532 811 2563 Cum
822 2533 906 2563 enim

130 2587 255 2625 prImus
271 2587 385 2618 modus
408 2587 459 2625 sit,
483 2588 519 2617 ut
539 2586 623 2625 dicit⁷
648 2587 777 2626 propter
800 2586 907 2617 refrae-

129 2640 251 2671 nandas
271 2641 541 2681 concupiscentias
565 2640 680 2678 carnis,
701 2639 761 2670 1100
785 2639 907 2671 Christo

161 2703 168 2719 ²
186 2702 255 2733 GaL,
272 2709 301 2728 11.
315 2717 346 2721 —
362 2704 370 2718 ²
384 2705 459 2735 Aug„
473 2704 538 2729 cont.
553 2703 653 2733 Faust„
670 2701 714 2726 lib.
732 2702 798 2733 mx,
813 2709 835 2727 c.
851 2709 906 2728 aiv.

1688 258 1747 286 [047

967 317 1150 358 attribuere,
1166 328 1231 351 non
1241 321 1287 351 est
1297 319 1383 352 aliud
1398 329 1495 361 quam
1511 320 1745 362 blasphemare,

967 370 1027 402 nisi
1044 371 1123 403 forte
1144 382 1200 413 per
1218 374 1279 406 hoc
1292 383 1360 405 sese
1375 383 1527 406 excusare
1549 375 1636 414 velit,
1660 377 1746 417 quod

966 427 1039 456 ante
1060 427 1210 466 praedixit
1238 428 1398 460 Christum
1424 438 1487 460 non
1512 431 1642 470 propter
1668 440 1746 462 con-

967 478 1178 518 cupiscentias
1219 482 1366 522 proprias
1411 482 1602 515 abstinuisse
1620 507 1628 522 ‚
1670 484 1747 525 quia

970 531 1077 563 nullas
1106 533 1231 575 habuit,
1263 536 1317 567 sed
1351 538 1387 567 ut
1411 537 1598 568 abstinendo
1634 547 1747 569 exem-

966 585 1057 626 plum
1077 587 1167 618 daret
1187 588 1258 620 aliis
1287 599 1360 621 suas
1396 587 1667 631 concupiscentias
1696 602 1746 623 re-

966 641 1132 672 fraenansli.
1170 642 1287 674 Verum
1298 668 1306 682 ,
1338 645 1364 674 si
1388 645 1472 676 hanc
1501 645 1747 686 intelligentiam

966 694 1073 734 habet,
1092 704 1224 728 sensum
1242 698 1441 730 rectitudinis
1461 701 1577 740 teneat,
1602 701 1655 732 sed
1675 711 1749 733 ver-

966 750 1044 781 bum
1061 751 1179 782 erroris
1200 751 1362 784 immutet.
1382 752 1563 791 QuaerImus
1582 757 1691 787 tamen
1706 756 1747 787 ab

966 814 1015 842 eo,
1032 805 1151 845 quibus
1166 806 1350 847 exemplum
1365 807 1425 839 1100
1435 809 1573 848 praebuit
1585 809 1726 841 Christus
1739 821 1745 842 :

966 860 1076 890 utrum
1092 860 1246 900 perfectis,
1268 861 1306 892 de
1321 862 1439 902 quibus
1458 863 1542 893 idem
1558 863 1644 903 dicit,
1662 865 1749 904 quod

966 913 1032 952 jam
1053 913 1324 953 concupiscentIas
1342 916 1553 955 domuerunt;
1571 927 1613 948 an
1628 918 1748 958 imper-

965 965 1066 1003 fectis,
1084 966 1140 1006 qui
1159 967 1264 998 adhuc
1278 969 1542 1009 concupiscentiis
1557 971 1723 1011 agitantur
1733 973 1748 1003 ‘J

966 1019 1105 1057 Constat,
1124 1020 1208 1060 quod
1222 1020 1426 1061 imperfectis.
1437 1022 1468 1054 Si
1478 1023 1580 1063 igitur
1591 1024 1747 1064 Christus,

966 1074 1121 1113 tanquam
1136 1074 1289 1114 medicus,
1307 1075 1444 1107 infirmis
1465 1078 1745 1111 condescendendo

966 1127 1152 1166 exemplum
1168 1128 1317 1168 praehuit,
1340 1132 1370 1160 et
1385 1131 1477 1170 quasi
1501 1131 1538 1162 de
1558 1132 1745 1172 hujusmodi

965 1180 1146 1211 medicinali
1177 1182 1306 1222 potione
1334 1184 1479 1222 gustavit
1503 1185 1624 1226 absque
1651 1187 1746 1218 detri-

967 1237 1077 1266 mento
1091 1236 1293 1275 perfectionis
1313 1247 1392 1276 suae,
1418 1241 1453 1269 ut
1471 1239 1547 1280 quid
1571 1242 1617 1271 tot
1641 1241 1674 1272 in
1695 1251 1749 1273 va-

966 1297 1046 1319 num
1062 1290 1160 1320 verba
1177 1290 1319 1329 protulit,
1339 1293 1369 1321 et
1387 1293 1574 1333 conscripsit
1595 1294 1750 1326 adversus

966 1341 1051 1373 hanc
1066 1343 1246 1382 veritatem,
1264 1353 1362 1384 quam
1378 1345 1416 1376 de
1434 1346 1535 1386 ipsius
1550 1347 1749 1389 impugnan-

967 1396 1007 1426 tis
1022 1405 1088 1434 ore,
1113 1397 1256 1437 ejusdem
1272 1398 1467 1430 invincibilis
1483 1401 1627 1432 veritatis
1648 1403 1750 1433 virtus

967 1450 1117 1481 extorsit?
1134 1450 1239 1482 Tertio
1256 1452 1375 1491 subdit,
1397 1454 1483 1494 quod
1499 1454 1549 1485 his
1563 1456 1665 1487 tribus
1680 1466 1749 1488 mo-

967 1503 1014 1534 dis
1029 1504 1188 1535 abstinere
1204 1506 1350 1545 perfectis
1363 1506 1506 1538 Christus
1519 1511 1681 1550 praeccpit,
1694 1520 1750 1542 nec

967 1558 1163 1590 contrarium
1179 1560 1330 1600 praecepit
1341 1560 1545 1601 imperfectis,
1561 1563 1616 1593 sed
1631 1564 1750 1604 quibus

966 1612 1096 1652 placuit,
1122 1613 1368 1645 misericorditer
1392 1615 1533 1647 indulsit.
1554 1616 1629 1648 Haec
1653 1619 1751 1650 verba

966 1666 1077 1706 ipsius⁷
1095 1666 1129 1696 in
1145 1667 1261 1707 quibus
1276 1669 1401 1700 veritati
1417 1671 1616 1710 contradicit,
1639 1674 1669 1703 et
1690 1673 1750 1703 sibi

966 1720 1025 1760 ipsi
1044 1729 1051 1750 :
1074 1721 1200 1752 veritati
1223 1723 1366 1762 quidem,
1384 1725 1459 1764 quia
1476 1726 1616 1757 maxime
1637 1727 1749 1758 astrin-

968 1777 1093 1813 guntur
1109 1776 1286 1816 imperfecti
1298 1778 1336 1808 ad
1348 1778 1524 1819 idolothyta
1539 1780 1679 1820 vitanda,
1693 1790 1751 1812 nec

966 1829 1011 1859 eis
1026 1829 1227 1868 indulgetur,
1251 1832 1337 1870 quod
1355 1832 1435 1863 alios
1455 1834 1676 1874 scandalizent,
1694 1838 1750 1866 aut

966 1892 1041 1913 suas
1073 1884 1344 1923 concupiscentias
1370 1895 1435 1917 non
1464 1888 1636 1919 refraenent
1649 1900 1656 1927 3
1688 1890 1749 1920 sibi

966 1936 1025 1976 ipsi
1041 1937 1137 1967 etiam
1161 1939 1358 1977 contradicit,
1382 1940 1458 1980 quia
1483 1951 1556 1972 011111
1583 1952 1679 1983 supra
1696 1943 1750 1974 do-

967 1991 1081 2029 cuerit,
1098 1991 1325 2023 abstinentiam
1340 1994 1531 2034 imperfectis
1548 1997 1654 2036 magis
1665 2006 1750 2028 com-

965 2046 1072 2084 petere
1099 2055 1197 2085 quam
1223 2047 1387 2087 perfectis,
1412 2052 1541 2089 propter
1565 2051 1651 2090 quod
1676 2051 1749 2082 (licit

967 2099 1192 2130 abstinentiam
1227 2100 1295 2131 vini
1325 2101 1502 2141 injunctam
1534 2104 1749 2136 sacerdotibus

966 2153 1082 2184 veteris
1096 2152 1304 2193 Testamenti,
1320 2165 1383 2186 non
1400 2157 1493 2195 novi;
1509 2167 1593 2188 1111110
1608 2159 1748 2199 seipsum

966 2207 1165 2246 redarguens
1181 2208 1266 2245 dicit,
1284 2209 1369 2248 quod
1385 2210 1577 2243 abstinentia
1592 2212 1669 2243 viris
1681 2222 1748 2253 per-

965 2261 1054 2291 fectis
1070 2261 1266 2301 praecipitur,
1284 2265 1314 2292 et
1334 2263 1370 2303 (c)
1389 2264 1583 2304 imperfectis
1602 2267 1748 2306 indulge-

965 2316 1030 2345 tur.
1050 2314 1084 2344 111
1099 2323 1163 2354 quo
1179 2314 1256 2345 dum
1272 2325 1337 2347 uno
1349 2316 1480 2349 destruit
1495 2319 1585 2350 brevi
1602 2330 1747 2351 sermone

965 2369 1120 2408 quidquid
1138 2378 1236 2408 supra
1258 2372 1490 2411 construxerat,
1514 2374 1679 2404 manifeste
1694 2374 1747 2405 de-

965 2423 1075 2460 clarat,
1088 2422 1172 2462 quod
1186 2423 1240 2462 qui
1256 2424 1361 2455 studio
1373 2427 1585 2457 contentionis
1597 2428 1745 2466 deservit,

965 2478 1042 2508 dum
1052 2486 1127 2507 arcu
1139 2479 1227 2508 tenso
1236 2477 1355 2517 doloso,
1366 2488 1421 2519 per
1430 2481 1579 2519 sagittam
1591 2482 1746 2512 sermonis

965 2531 1134 2569 emissam,
1159 2531 1295 2562 alterum
1319 2533 1488 2565 vulnerare
1503 2535 1633 2574 satagit,
1658 2536 1746 2575 justo

965 2585 1017 2616 Dei
1041 2585 1161 2624 judicio
1176 2586 1384 2627 semetipsum
1403 2588 1491 2628 prius
1508 2589 1575 2629 ipse
1598 2590 1743 2630 configIt.

997 2667 1031 2698 (a)
1051 2667 1126 2706 Forte
1143 2665 1191 2697 legs.
1207 2667 1260 2698 qui.
1278 2682 1303 2685 —
1323 2668 1353 2700 (b)
1373 2669 1428 2701 Leq.
1448 2669 1558 2695 aberrat.
1574 2672 1643 2703 —(c)
1657 2671 1743 2702 Sappl.

964 2705 1132 2727 contrarium.
