2029 3052
846 232 972 267 CAPUT
993 232 1043 265 lv.

140 308 170 338 et
184 307 337 338 instanter
351 305 563 347 supradictam
580 305 640 336 sibi
664 303 794 337 vivendi
816 312 914 343 regu-

137 359 203 391 lam
218 359 399 400 approbari.
415 359 532 391 videns
554 360 662 391 autem
685 358 799 390 Christi
822 356 914 389 Vica-

137 413 206 444 rius
220 413 371 445 Dominus
384 413 587 445 Innocentius
600 412 654 452 111,
670 413 722 444 vir
736 412 849 452 utique
865 420 914 441 sa-

137 467 257 508 pientia
270 467 384 507 clarus,
402 467 622 498 admirandam
638 467 672 498 in
689 467 758 499 viro
774 466 827 497 Dei
843 465 917 496 sim-

138 521 228 562 plicis
234 521 331 553 animi
339 522 523 562 puritatem,
531 521 685 562 propositi
691 519 914 557 constantiam,

137 576 344 617 ignitumque
350 576 522 608 voluntatis
528 578 644 607 sanctae
653 575 822 614 fervorem,
832 573 918 605 Chri-

137 629 178 660 sti
205 639 378 670 pauperem
407 629 523 661 mentis
547 639 657 661 amore
684 629 915 670 complectens,

137 681 308 714 inclinatus
332 685 379 714 est
402 683 523 721 animo,
554 685 590 714 nt
612 683 701 723 pium
724 681 917 723 supplicanti

139 735 296 776 praeberet
306 745 485 767 assensum.
500 736 627 767 Distulit
641 738 748 767 tamen
764 736 918 776 perficere

139 789 224 829 quod
240 788 353 820 Christi
370 789 551 829 postulabat
566 789 791 830 pauperculuS,
808 798 866 829 pro
880 797 917 819 eo

139 842 225 882 quod
240 842 401 882 aliquibus
423 843 460 873 de
482 842 703 874 Cardinalibus
722 851 844 873 novum
861 841 917 873 ali-

139 895 217 936 quid
232 898 263 927 et
277 905 375 936 supra
397 896 481 928 vires
499 897 659 928 humanas
679 897 816 927 arduum
831 895 917 928 vide-

140 951 239 981 retur.
268 950 386 982 Aderat
415 952 521 982 autem
550 950 636 982 inter
665 950 844 982 Cardinales
869 950 920 981 vir

140 1004 344 1036 venerandus
355 1004 390 1035 D.
407 1003 544 1035 Joannes
559 1004 598 1035 de
613 1003 729 1035 Sancto
745 1003 843 1035 Paulo
856 1003 920 1044 epi-

141 1065 256 1098 scopus
270 1057 464 1096 Sabinensis,
477 1058 581 1089 omnis
595 1057 770 1089 sanctitatis
785 1059 918 1096 amator,

141 1112 173 1141 et
201 1111 328 1150 adjutor
359 1121 539 1152 pauperum
567 1111 694 1143 Christi.
721 1111 780 1149 Qui
811 1111 921 1142 divino

142 1163 264 1204 Spiritu
278 1165 508 1203 inflammatus,
522 1165 655 1196 Summo
671 1164 816 1196 Pontifici
827 1164 920 1203 dixit,

142 1219 174 1249 et
197 1218 348 1249 fratribus
372 1218 439 1249 suis
464 1229 470 1249 :
493 1218 526 1250 Si
554 1219 740 1259 petitionem
772 1219 922 1259 pauperis

144 1271 254 1311 hujus,
272 1273 426 1312 tanquam
447 1272 544 1302 nimis
567 1272 716 1311 arduam,
738 1281 922 1313 novamque

143 1325 339 1365 refellimus,
368 1335 442 1357 cum
467 1328 552 1366 petat
572 1327 754 1357 confirmari
776 1326 836 1357 sibi
857 1326 920 1357 for-

144 1389 232 1410 mam
246 1379 446 1420 evangelicae
460 1380 548 1418 vitae,
565 1381 744 1412 cavendum
763 1383 811 1412 est
831 1381 923 1411 nobis

144 1442 184 1464 ne
198 1433 233 1464 in
248 1433 360 1464 Christi
382 1433 598 1473 Evangelium
613 1434 825 1465 offendamus.
842 1434 921 1465 Nam

144 1487 169 1518 si
185 1487 257 1527 quis
273 1487 357 1518 intra
373 1488 569 1527 evangelicae
591 1489 792 1529 perfectionis
814 1489 922 1520 obser-

145 1541 304 1579 vantiam,
332 1543 363 1572 et
386 1544 498 1573 votum
521 1542 642 1582 ipsius,
666 1542 748 1573 dicat
770 1543 923 1574 contIneri

145 1594 268 1634 aliquid
282 1603 404 1625 novum
421 1597 477 1626 aut
491 1595 717 1635 irrationabile,
736 1596 787 1627 vel
808 1596 924 1636 impos-

146 1647 236 1678 sibile
257 1648 296 1679 ad
325 1649 581 1689 observandum,
606 1652 716 1680 contra
744 1650 922 1689 Christum,

146 1701 314 1741 Evangelii
329 1705 504 1741 auctorem,
520 1703 741 1743 blasphemare
761 1704 924 1736 convinci—

146 1757 210 1787 tur.
238 1756 359 1794 Quibus
383 1757 571 1797 propositis,
600 1767 762 1788 successor
781 1758 924 1797 Apostoli

148 1810 233 1842 Petri
247 1820 422 1842 conversus
436 1812 476 1842 ad
492 1821 665 1852 pauperem
683 1812 806 1850 Christi,
824 1812 922 1843 dixit:

148 1863 220 1901 Ora,
238 1863 293 1901 fili,
311 1864 349 1894 ad
365 1863 538 1903 Christum,
559 1867 594 1895 ut
609 1874 701 1896 suam
716 1866 808 1896 nobis
824 1875 880 1905 per
895 1868 925 1896 te

147 1916 346 1948 voluntatem
369 1918 530 1956 ostendat,
554 1928 618 1958 qua
643 1919 760 1949 certius
781 1919 923 1958 cognita,

148 1970 211 2001 tuis
228 1970 288 2010 piis
303 1971 466 2002 desideriis
481 1972 624 2002 securius
639 1981 831 2003 annuamus.
850 1972 924 2003 Om-

149 2024 321 2064 nipotentis
336 2027 444 2055 autem
461 2025 515 2056 Dei
526 2025 676 2062 famulus,
690 2028 793 2056 totum
809 2035 843 2057 se
856 2035 927 2057 con-

149 2079 253 2109 ferens
272 2079 311 2109 ad
331 2079 505 2118 orandum,
527 2080 676 2119 precibus
698 2080 820 2111 devotis
842 2080 926 2111 obti-

150 2132 231 2168 nuit,
243 2133 273 2162 et
289 2132 374 2172 quod
385 2133 527 2163 exterius
540 2133 605 2173 ipse
620 2134 784 2173 proferret,
801 2134 927 2174 etquod

150 2185 285 2216 interius
301 2185 385 2225 Papa
400 2187 541 2217 sentiret.
557 2186 637 2217 Nam
652 2196 726 2217 cnm
742 2188 926 2227 parabolani

151 2238 189 2269 de
200 2238 297 2270 dlvite
313 2248 392 2278 rege
406 2248 479 2270 cum
495 2240 628 2271 muliere
650 2240 790 2271 formosa
805 2242 836 2271 et
852 2250 928 2281 pau-

151 2301 225 2332 pere
239 2292 445 2323 contrahente
465 2295 641 2332 gratanter,
657 2296 688 2324 et
702 2294 740 2325 de
760 2294 848 2334 prole
863 2304 928 2325 sus-

151 2348 241 2386 cepta
256 2346 442 2386 praeferente
450 2347 633 2385 generantis
642 2349 727 2386 regis
738 2347 926 2387 imaginem,

151 2409 188 2430 ac
202 2409 259 2439 per
274 2400 334 2430 1100
354 2400 516 2430 educanda
531 2400 569 2431 de
584 2409 694 2430 mensa
717 2400 830 2440 ipsius,
847 2401 929 2432 sicut

153 2462 171 2483 a
186 2453 249 2484 Deo
266 2455 440 2494 acceperat,
466 2453 634 2491 retulisset,
659 2462 699 2483 ex
720 2453 807 2485 illius
830 2454 928 2486 inter-

152 2507 327 2546 pretatione
341 2507 509 2547 subjunxit
521 2517 528 2538 :
542 2506 611 2537 Non
622 2508 669 2537 est
678 2507 927 2547 formidandum,

153 2560 237 2600 quod
252 2561 335 2592 fame
350 2564 480 2601 pereant
495 2560 608 2591 aeterni
624 2559 721 2599 Regis
737 2561 793 2590 filii
813 2563 844 2591 et
862 2561 928 2592 hae-

153 2613 255 2651 redes,
280 2615 335 2654 qui
357 2615 396 2645 ad
422 2614 599 2653 imaginem
623 2613 718 2653 Regis
741 2612 855 2644 Christi
873 2624 930 2654 per

154 2665 290 2706 Spiritus
310 2668 409 2698 sancti
431 2669 584 2699 virtutem
607 2668 645 2698 de
668 2677 808 2708 paupere
828 2671 930 2700 matre

154 2721 233 2758 nati,
250 2722 281 2751 et
292 2721 351 2761 ipsi
365 2731 422 2761 per
435 2722 582 2762 spiritum
596 2722 792 2762 paupertatis
807 2724 882 2753 sunt
896 2722 929 2753 in

1695 233 1754 264 303

971 300 1128 340 religione
1163 300 1360 341 paupercula
1385 299 1576 340 generandi.
1608 298 1641 331 Si
1667 299 1755 330 enim

972 353 1039 385 Rex
1054 354 1209 385 coelorum
1223 353 1440 385 imitatoribus
1452 353 1518 384 suis
1531 362 1672 393 regnum
1685 362 1756 393 pro-

973 408 1070 438 mittit
1093 410 1263 446 aeternum,
1288 409 1408 447 quanto
1431 407 1537 447 magis
1558 406 1612 437 illa
1632 406 1755 437 submi-

972 460 1129 499 nistrabit,
1147 470 1220 501 quae
1235 461 1450 492 communiter
1463 460 1603 499 largitur
1619 459 1711 491 bonis
1724 461 1756 490 et

973 514 1082 545 malis!
1101 514 1189 545 Hanc
1204 523 1284 554 ergo
1304 515 1489 554 parabolam
1506 516 1536 545 et
1558 513 1756 545 intellectum

972 568 1073 608 ipsius
1089 568 1202 599 Christi
1215 568 1360 600 Vicarius
1375 578 1448 600 cum
1464 569 1633 608 diligenter
1649 567 1756 599 audis-

972 624 1030 660 set,
1047 621 1182 652 miratus
1197 623 1244 652 est
1258 621 1360 660 valde,
1382 624 1412 652 et
1427 621 1645 653 indubitanter
1665 621 1755 652 Chri-

973 678 1060 707 stum
1077 676 1222 707 locutum
1236 677 1270 706 in
1285 675 1416 706 homine
1431 676 1633 715 recognovit.
1649 675 1709 707 Sed
1725 677 1757 706 et

973 730 1143 768 visionem,
1161 739 1260 770 quam
1277 731 1354 760 tunc
1376 729 1529 770 temporis
1552 728 1631 760 coelo
1647 738 1757 769 perce-

974 786 1075 824 perat,
1093 784 1127 814 in
1142 784 1204 814 hoc
1219 783 1289 814 viro
1305 783 1372 814 fore
1387 782 1621 823 complendam,
1637 783 1758 823 Spiritu

973 837 1084 868 divino
1099 839 1310 877 suggerente,
1329 837 1482 868 firmavit.
1508 836 1644 867 Videbat
1665 845 1756 867 nam-

974 901 1037 931 que
1052 891 1085 921 in
1101 891 1231 930 somnis,
1250 893 1286 922 ut
1301 891 1422 928 retulit,
1439 890 1685 922 Lateranensem
1699 891 1755 922 ba-

974 944 1097 975 silicam
1120 945 1186 975 fore
1213 945 1395 985 proximam
1415 946 1485 985 jam
1511 944 1631 984 ruinae,
1659 954 1757 985 quam

976 999 1107 1038 quidam
1121 999 1218 1030 homo
1235 999 1459 1039 pauperculus,
1476 998 1623 1029 modicus
1643 1000 1673 1029 et
1688 999 1759 1029 des-

975 1054 1098 1092 pectus,
1122 1053 1255 1092 proprio
1275 1052 1368 1083 dorso
1389 1052 1573 1090 summisso,
1599 1061 1639 1083 ne
1665 1052 1756 1083 cade-

975 1109 1034 1144 ret,
1062 1106 1270 1137 sustentabat.
1294 1106 1387 1144 Vere,
1404 1105 1519 1146 inquit,
1545 1105 1599 1136 1110
1621 1107 1668 1136 est
1693 1105 1756 1144 ille,

976 1160 1032 1200 qui
1046 1169 1141 1200 opere
1157 1162 1188 1190 et
1202 1160 1357 1197 doctrina,
1369 1159 1483 1190 Christi
1499 1159 1691 1190 sustentabit
1705 1159 1760 1190 Ec-

977 1213 1117 1245 clesiam.
1136 1213 1211 1244 Inde
1227 1213 1390 1254 praecipua
1412 1213 1581 1244 devotione
1605 1213 1757 1253 repletus,

976 1268 1121 1308 petitioni
1143 1269 1214 1307 eius
1238 1277 1271 1298 se
1298 1276 1352 1307 per
1381 1267 1490 1297 omnia
1514 1266 1697 1305 inclinavit,
1724 1275 1760 1297 ac

978 1321 1092 1353 Christi
1112 1321 1269 1352 famulum
1287 1320 1417 1360 speciali
1439 1329 1566 1360 semper
1585 1329 1695 1351 amore
1710 1319 1758 1350 di-

977 1375 1065 1406 lexit.
1084 1375 1219 1405 Proinde
1233 1374 1390 1413 postulata
1412 1374 1578 1411 concessit,
1599 1376 1630 1404 et
1655 1373 1760 1404 adhuc

977 1429 1149 1460 concedere
1164 1428 1255 1468 plura
1272 1428 1426 1467 promisit.
1446 1427 1645 1467 Approbavit
1659 1436 1759 1467 regu-

978 1483 1054 1521 lam,
1071 1482 1155 1513 dedit
1174 1482 1212 1512 de
1235 1481 1423 1522 poenitentia
1445 1481 1647 1521 praedicanda
1672 1490 1761 1511 man-

979 1537 1102 1574 datum,
1119 1538 1150 1566 et
1165 1535 1253 1566 laicis
1267 1535 1420 1565 fratribus
1435 1535 1597 1572 omnibus,
1615 1535 1671 1575 qui
1694 1543 1760 1565 ser-

979 1599 1058 1622 vum
1090 1589 1144 1620 Dei
1174 1589 1300 1619 fuerant
1336 1588 1495 1626 comitati,
1526 1588 1597 1618 fecit
1626 1597 1761 1619 coronas

979 1643 1130 1684 parvulas
1146 1643 1226 1681 fieri,
1242 1644 1277 1673 ut
1297 1642 1433 1673 verbum
1450 1641 1505 1672 Dei
1527 1642 1625 1673 libere
1647 1642 1761 1682 praedi-

980 1699 1100 1729 carent.

1256 1807 1398 1840 CAPUT
1424 1807 1481 1841 IV.

981 1896 1018 1921 De
1031 1895 1155 1929 profectu
1170 1893 1282 1920 Ordinis
1296 1894 1343 1920 sub
1357 1901 1440 1920 manu
1459 1894 1563 1927 ipsius,
1580 1895 1604 1919 et
1620 1894 1761 1927 confirma-

1137 1940 1208 1965 tione
1223 1938 1331 1972 Reflulae
1344 1939 1424 1972 prius
1441 1938 1607 1972 approbacoe.

1023 2022 1136 2052 Fretus
1153 2020 1266 2052 exinde
1287 2020 1472 2050 Franciscus
1498 2029 1636 2060 superna
1656 2021 1762 2060 gratia

961 2109 966 2112 ,
983 2078 1013 2107 et
1028 2075 1215 2106 auctoritate
1231 2073 1346 2114 papali,
1359 2083 1432 2104 cum
1450 2073 1566 2104 fidncia
1581 2073 1682 2104 multa
1694 2083 1764 2105 ver-

982 2139 1036 2160 sus
1046 2129 1161 2160 vallem
1173 2128 1375 2167 Spolctanam
1385 2127 1444 2158 iter
1455 2127 1602 2166 arripuit,
1615 2129 1651 2158 ut
1662 2127 1764 2159 Evan-

983 2183 1103 2224 gelium
1117 2182 1232 2214 Christi
1244 2182 1360 2212 faceret
1372 2183 1402 2211 et
1411 2181 1548 2211 doceret.
1563 2181 1642 2212 Dum
1656 2184 1764 2213 autem

983 2238 1016 2268 in
1032 2238 1086 2269 via
1103 2236 1259 2267 conferret
1280 2244 1354 2265 cum
1376 2234 1480 2272 sociis,
1505 2234 1641 2274 qualiter
1664 2244 1765 2274 regu-

983 2291 1059 2329 lam,
1076 2299 1174 2330 quam
1199 2291 1418 2328 susceperant,
1443 2288 1564 2319 sincere
1587 2291 1762 2327 servarent,

984 2344 1119 2385 qualiter
1130 2344 1162 2373 in
1181 2343 1268 2373 omni
1287 2342 1452 2372 sanctitate
1467 2344 1498 2372 et
1516 2342 1644 2382 justitia
1657 2351 1764 2372 coram

985 2399 1047 2430 Deo
1069 2397 1267 2432 incederent,
1295 2395 1432 2435 qualiter
1448 2395 1482 2426 in
1506 2396 1616 2435 seipsis
1634 2396 1765 2435 prolice-

983 2454 1066 2490 rent,
1083 2453 1114 2481 et
1133 2451 1236 2480 essent
1258 2448 1327 2479 aliis
1351 2449 1384 2478 in
1409 2449 1615 2489 exemptum,
1643 2449 1765 2480 diutius

985 2506 1149 2538 collatione
1174 2505 1354 2543 protracta,
1390 2502 1470 2533 hora
1502 2502 1698 2542 pertransiit.
1727 2502 1765 2533 Et

985 2570 1059 2592 011111
1072 2561 1141 2599 jam
1157 2557 1263 2588 lassati
1279 2558 1383 2587 essent
1397 2566 1438 2586 ex
1454 2555 1665 2586 diuturnitate
1679 2556 1765 2587 labo·
1787 2557 1790 2559 ’

985 2615 1044 2652 ris,
1070 2612 1246 2644 esurientes
1267 2611 1301 2641 in
1322 2610 1461 2650 quodam
1486 2609 1554 2640 1000
1584 2610 1764 2640 solitudinis

986 2668 1206 2700 substiterunt.
1234 2666 1317 2696 Sane
1344 2673 1418 2695 011111
1440 2664 1544 2694 01111115
1568 2665 1621 2695 via
1644 2664 1764 2695 deesset

985 2732 1049 2763 qua
1063 2722 1190 2762 possent
1209 2719 1268 2749 sibi
1290 2718 1328 2748 de
1353 2718 1439 2748 victu
1460 2718 1636 2749 necessario
1659 2717 1764 2758 provi-
