2029 3052
63 632 90 652 B.
101 630 172 651 Maria

84 662 151 684 etiam

71 695 163 720 propter

64 730 105 746 nos
134 731 172 745 au-

92 762 148 777 rurae

76 793 163 814 compa-

83 821 152 840 ratur.

64 909 89 929 B.
99 907 170 929 Maria

76 939 158 960 media-

61 972 104 994 trix
113 970 171 992 inter

76 1009 117 1024 uos
136 1003 157 1023 et

75 1037 154 1056 Deum.

76 2514 102 2532 B.
111 2512 181 2533 Maria

81 2550 173 2571 quomo-

620 175 828 210 SPECULUM
850 175 996 209 BEATAE
1015 175 1157 209 MARlAE
1180 175 1368 209 VIRGINIS.

185 246 296 275 tionem
311 245 405 275 noctis
419 245 514 283 culpae
521 267 530 282 ,
552 245 581 274 in
597 244 769 282 plenissima
781 244 844 280 ejus
858 243 965 272 sancti-

184 293 335 328 ficatione;
353 293 484 322 secundo
498 294 620 330 propter
632 291 874 329 progressionem
889 290 966 319 lucis

186 341 302 377 gratiae,
317 341 348 369 in
360 340 524 369 clarissima
543 340 606 375 ejus
620 338 844 367 conversatione
853 348 861 374 ;
879 337 964 366 tertio

184 389 306 424 propter
320 387 550 424 productionem
563 385 637 414 Solis
645 385 780 422 justitiae,
795 385 827 413 in
842 384 964 413 mirabi-

185 434 296 462 lissima
320 434 374 462 filii
398 433 461 470 ejus
479 433 685 469 generatione3
711 434 818 469 quarto
842 434 965 468 propter

185 481 459 518 appropriationem
483 480 542 508 loci
571 479 690 515 gloriae,
707 479 737 507 in
751 478 965 515 gloriosissima

185 528 248 564 ejus
263 527 474 564 assumptione.

223 575 332 604 Deinde
348 574 600 603 considerandum
615 576 666 607 est,
684 573 767 611 quod
782 573 967 601 lucidissima

185 622 271 658 virgo
287 622 392 657 Maria,
411 629 473 650 non
488 621 586 649 solum
605 623 726 658 propter
740 629 788 656 se,
811 620 864 649 sed
879 620 967 648 etiam

186 671 308 706 propter
322 677 377 697 nos
391 668 468 697 bene
484 670 674 704 comparatur
689 676 812 696 aurorae.
826 669 909 703 Nam,
926 667 966 695 si-

187 719 236 745 cut
249 716 280 744 in
290 715 439 752 Scriptura
453 723 507 751 per
521 722 660 742 auroram
671 715 819 750 signatum
835 716 886 750 est,
903 714 968 751 ipsa

186 763 274 791 nobis
289 764 331 790 est
345 762 384 790 ad
399 763 492 790 Deum
506 761 679 796 mediatrix,
696 762 735 789 ad
751 762 873 797 angelos
887 761 968 798 paci-

185 809 312 844 ficatrix,
328 809 368 837 ad
384 809 534 837 daemones
550 808 728 837 defensatrix
739 830 747 844 ‚
764 808 803 836 ad
818 816 873 836 nos
887 808 968 844 ipsos

185 856 389 884 illuminatrix.

222 903 318 932 Primo
343 903 497 938 attendite,
526 903 609 939 quod
628 911 737 930 aurora
754 904 855 930 nostra
879 903 969 930 Maria

185 951 272 979 nobis
288 952 331 979 est
345 951 384 979 ad
399 952 491 979 Deum
511 950 666 978 mediatrix
680 972 686 983 ‚
712 949 785 977 sicut
799 950 829 977 in
852 949 967 978 Psalmo

185 999 333 1035 signatum
350 1000 402 1034 est,
417 999 469 1027 ubi
484 999 590 1026 dicitur
605 997 613 1013 ¹
631 1007 637 1026 z
660 999 730 1025 Titus
746 1000 784 1025 est
797 998 866 1033 dies,
882 1001 906 1025 et
922 1000 969 1025 tua

184 1055 238 1074 ηοω
262 1050 318 1081 est,
343 1049 373 1074 tu
385 1047 535 1080 fabricatus
548 1054 573 1073 es
587 1054 712 1073 auroram
729 1047 754 1072 et
769 1045 865 1072 Solem.
891 1045 970 1072 Sicut

184 1094 262 1122 bene
275 1093 379 1121 beatus
394 1093 551 1128 Gregorius
564 1093 604 1120 ait
615 1093 642 1119 ²:
656 1092 740 1120 «Dies
750 1091 895 1127 vitajusti‚
908 1100 968 1119 nox

183 1149 256 1169 vero
271 1141 330 1168 vita
354 1140 496 1176 accipitur
516 1139 689 1176 peccatoris
703 1150 717 1165 »
741 1141 772 1167 Et
798 1139 867 1166 ideo
892 1139 969 1166 benc

186 1188 327 1216 Dominus
346 1187 424 1215 filios
442 1187 531 1215 lsrael
551 1186 738 1223 praecedebat
765 1194 818 1222 per
840 1186 919 1213 diem
938 1185 970 1213 in

185 1236 326 1264 columna
348 1236 454 1270 nubis,
476 1243 530 1271 per
548 1237 666 1262 noctem
684 1243 756 1262 vero
776 1234 806 1262 in
829 1234 969 1262 columna

185 1283 278 1319 ignis,
294 1282 365 1319 quia
380 1282 418 1310 ab
434 1282 541 1310 ardore
563 1282 613 1309 irae
631 1290 690 1309 suae
711 1283 855 1317 tanquam
874 1281 969 1309 nubes

184 1330 251 1366 pios
272 1329 417 1365 protegit,
449 1331 477 1356 et
499 1331 642 1364 tanquam
663 1329 738 1364 ignis
763 1328 871 1364 impios
900 1328 967 1356 urit.

186 1377 267 1405 Unde
306 1377 383 1404 bene
422 1376 471 1404 Sol
514 1375 687 1411 intelligitur
723 1375 852 1403 Christus
882 1385 888 1403 :
921 1375 970 1403 Sol

186 1424 288 1460 utique
301 1423 428 1458 justitiae,
445 1424 496 1459 qui
511 1422 660 1450 illuminat
675 1423 792 1457 eleetos,
810 1425 837 1450 et
851 1423 909 1450 urit
923 1431 970 1450 re-

186 1471 310 1507 probos.
332 1471 463 1498 Graviter
485 1470 669 1506 quandoque
687 1470 746 1497 urit
773 1470 803 1497 in
830 1470 967 1505 mundo,

187 1518 306 1553 gravius
321 1520 420 1545 autem
435 1517 466 1544 in
479 1517 610 1552 judicio,
629 1517 802 1552 gravissime
821 1518 918 1544 autem
940 1517 970 1544 in

187 1564 314 1592 inferno.
340 1566 378 1591 De
402 1564 458 1591 hac
483 1564 589 1599 triplici
604 1564 720 1591 ustione
735 1563 860 1599 intelligi
874 1565 971 1599 potest

188 1611 263 1639 illud
278 1612 461 1639 Ecclesiastici
477 1611 486 1628 ³
503 1619 512 1637 .·
528 1612 684 1646 Τι’ίρῑίείῑθτ·
699 1611 744 1638 Sol
763 1619 876 1638 emmens
895 1619 970 1638 mon-

190 1662 247 1692 tes,
264 1658 295 1685 id
320 1660 379 1692 est,
404 1652 549 1693 superbos
569 1659 749 1693 peccatores.
776 1659 897 1693 Propter
913 1657 970 1685 hoc

189 1705 266 1733 bene
279 1704 492 1739 refrigeratrice
502 1725 510 1737 ,
529 1703 701 1732 mediatrice
721 1704 796 1732 inter
809 1713 863 1732 nos
879 1707 906 1732 et
920 1706 971 1732 So-

189 1752 249 1780 lem
258 1752 382 1787 justum,
394 1751 573 1786 indigemus.
586 1752 617 1778 Et
631 1751 700 1779 ideo
715 1751 792 1779 bene
808 1752 970 1787 psalmista,

187 1800 217 1828 in
238 1799 380 1836 praedicto
407 1807 495 1827 versu
506 1821 514 1834 ,
540 1807 681 1828 auroram
705 1800 780 1827 inter
802 1802 920 1828 noctem
944 1802 971 1827 et

187 1847 282 1874 solem
297 1846 382 1882 ponit
400 1846 548 1881 mediam,
575 1855 641 1882 quae
663 1848 740 1874 certe
761 1847 849 1874 etiam
865 1847 970 1874 ordine

187 1893 315 1921 naturali
328 1893 428 1920 media
443 1894 493 1920 est.
506 1895 620 1920 Aurora
631 1893 731 1929 itaque
745 1895 788 1921 est
800 1893 971 1922 beatissima

188 1940 272 1975 virgo
288 1940 376 1967 Maria
388 1961 396 1973 ‚
419 1948 485 1975 quae
505 1939 579 1967 inter
594 1942 713 1967 noctem
728 1943 755 1968 et
771 1940 863 1968 solem
873 1962 880 1975 ,
897 1941 971 1968 inter

187 1988 342 2015 hominem
358 1988 386 2014 et
402 1988 507 2022 Deum,
524 1987 600 2014 inter
616 1987 771 2014 hominem
786 1987 928 2022 injustum
944 1989 972 2015 et

189 2036 279 2062 Deum
296 2034 405 2069 justum
419 2035 461 2061 est
476 2034 589 2070 optima
603 2033 761 2061 mediatrix
772 2055 780 2068 ,
795 2034 908 2070 optima
922 2034 972 2063 irae

190 2082 240 2109 Dei
254 2081 465 2116 refrigeratrix.
482 2082 612 2108 Testatur
624 2081 728 2108 beatus
745 2082 912 2110 Bernardus
928 2083 972 2110 di-

190 2136 259 2155 cens
277 2138 283 2155 :
303 2129 468 2156 «Securum
480 2129 541 2163 J'am
557 2127 646 2156 habet
660 2128 753 2156 homo
769 2136 920 2156 accessum
933 2129 971 2157 ad

191 2176 293 2209 Deum,
309 2174 361 2202 ubi
377 2174 574 2202 mediatorem
585 2182 680 2202 causae
691 2183 751 2202 suae
763 2175 868 2203 Filium
883 2176 973 2204 habet

191 2223 258 2249 ante
273 2222 399 2255 Patrem,
415 2223 442 2248 et
457 2224 523 2249 ante
539 2221 645 2249 Filium
660 2223 795 2250 matrem.
813 2223 902 2250 Filius
916 2231 972 2250 nu-

192 2268 262 2296 dato
284 2276 408 2304 corpore
428 2268 504 2296 Patri
529 2268 656 2296 ostendit
679 2269 755 2297 latus
778 2271 806 2297 et
829 2270 972 2305 vulnera,

191 2315 280 2343 Maria
306 2314 377 2342 Filio
407 2316 508 2350 pectus
533 2317 559 2342 et
581 2315 684 2343 ubera.
709 2318 772 2344 Non
787 2319 883 2352 potest
910 2317 972 2345 ullo

192 2361 285 2389 modo
298 2361 361 2388 fieri
376 2361 507 2397 repulsa,
530 2361 582 2389 ubi
598 2364 777 2390 concurrunt
792 2364 820 2391 et
833 2365 974 2399 perorant

193 2410 273 2437 tanta
286 2408 434 2436 charitatis
449 2408 585 2443 insignia.
602 2420 614 2434 »

231 2455 367 2483 Secundo
387 2455 541 2490 attendite,
562 2456 737 2491 charissimi,
759 2458 842 2493 quod
866 2466 975 2487 aurora

196 2504 296 2531 nostra
312 2502 400 2530 Maria
418 2502 506 2530 nobis
522 2504 564 2530 est
580 2503 618 2530 ad
639 2504 762 2538 angelos
782 2505 973 2540 pacificatrix,

196 2550 270 2577 sicut
283 2550 431 2585 signatum
446 2552 488 2577 est
500 2549 530 2577 in
544 2550 649 2585 Genesi,
666 2550 717 2578 ubi
732 2551 839 2586 legitur
854 2553 874 2587 4,
891 2554 974 2588 quod

229 2613 237 2629 ¹
253 2612 321 2636 Psal.
344 2619 439 2643 Lxxm,
456 2614 479 2636 6.
496 2626 525 2630 -
540 2613 548 2627 ²
564 2614 651 2645 Grec„
667 2614 693 2637 in
709 2615 805 2645 Evang.
821 2615 891 2639 hom.
913 2622 973 2646 xxi,

199 2656 224 2674 n.
242 2651 264 2674 3.
279 2662 310 2667 —-
327 2650 335 2663 ³
349 2649 439 2680 Ecclz'.,
459 2655 540 2680 mn,
561 2652 583 2674 4.
604 2663 634 2668 —
657 2650 666 2667 ¹·
685 2650 756 2681 Gen„
784 2657 874 2682 mxu,
890 2653 929 2677 26.
944 2666 974 2672 —

1743 179 1802 208 265

1019 244 1145 280 angelus
1163 244 1216 281 qui
1238 251 1307 272 cum
1329 243 1422 272 Jacob
1446 243 1623 279 luctabatur,
1649 244 1804 273 benedixit
1818 249 1846 270 «ιο
1865 249 1925 276 puci-

1020 291 1134 319 eumin
1162 299 1280 320 aurora.
1305 291 1422 319 Dicente
1446 297 1577 326 namque
1602 291 1735 326 angelo:
1754 293 1803 318 Dz'-

1019 339 1098 366 mitte
1112 346 1164 372 me,
1179 339 1238 374 jam
1258 339 1329 366 enim
1348 338 1469 365 ascendit
1491 345 1602 372 aurora,
1617 345 1678 366 non
1695 337 1806 367 dimisit

1020 393 1089 413 eum
1104 385 1206 420 Jacob,
1229 385 1284 412 nisi
1299 385 1397 421 ipsum
1421 385 1621 413 benediceret.
1639 386 1670 413 ln
1694 393 1804 413 aurora

1020 431 1098 459 lucta
1113 431 1167 459 fuit
1181 431 1256 459 inter
1270 431 1411 466 angelum
1426 433 1454 460 et
1464 431 1568 466 Jacob,
1586 431 1737 460 discordia
1751 431 1806 459 fuit

1020 478 1096 506 inter
1122 480 1225 512 Deum,
1247 478 1370 513 angelos
1387 481 1414 506 et
1436 478 1583 506 homines.
1605 479 1699 506 llomo
1725 478 1805 506 enim

1020 525 1175 562 peccando
1191 525 1356 553 offenderat
1370 526 1554 561 Creatorem3
1573 525 1687 553 offenso
1706 527 1805 553 autem

1021 574 1167 607 Creatore,
1179 572 1277 600 omnis
1290 571 1450 600 offenditur
1460 574 1608 606 creatura3
1622 574 1734 609 quanto
1746 580 1806 600 ma-

1022 621 1066 656 gis
1081 619 1147 654 illa,
1163 628 1230 656 quae
1243 619 1372 647 Creatori
1387 619 1482 654 magis
1498 621 1540 647 est
1560 619 1736 655 conjuncta!
1754 619 1808 648 Illa

1022 675 1092 703 ergo
1101 667 1180 695 lucta
1189 667 1285 703 potuit
1298 667 1387 703 hujus
1396 666 1552 694 discordiae
1564 674 1626 694 esse
1635 667 1741 702 figura.
1751 666 1807 695 Sed

1022 716 1099 742 certe
1115 713 1291 741 adveniente
1307 721 1432 747 aurora,
1450 713 1627 741 adveniente
1642 713 1740 748 Maria,
1752 721 1806 750 pa-

1023 760 1127 789 cificati
1141 762 1209 788 sunt
1229 760 1353 796 angelus
1372 761 1461 796 atque
1484 760 1575 788 homo
1587 781 1596 795 ,
1616 759 1656 787 ita
1675 759 1758 796 quod
1777 760 1808 787 in

1022 807 1086 844 ipsa
1096 815 1214 843 aurora,
1229 808 1259 835 in
1273 807 1338 843 ipsa
1346 807 1460 842 virgine
1475 806 1564 835 Maria
1579 806 1746 842 angelicam
1753 806 1808 835 be-

1023 855 1224 883 nedictionem
1233 856 1408 882 consecutus
1418 855 1461 882 est
1470 854 1573 882 homo.
1583 854 1712 889 Angelus
1722 861 1808 882 nam-

1024 910 1082 938 que
1099 902 1172 930 dixit
1186 903 1195 919 ³
1213 911 1219 929 :
1237 903 1383 930 Benedicta
1399 904 1427 929 tu
1442 903 1472 929 in
1484 902 1654 936 mulieribus,
1666 901 1706 929 ad
1718 901 1806 936 Virgi-

1022 957 1103 984 nem,
1121 951 1149 977 et
1162 957 1215 985 per
1229 949 1307 976 hanc
1320 948 1562 976 benedictionem
1577 947 1701 983 Virginis
1716 948 1808 976 homo

1024 996 1215 1032 consequitur
1241 995 1482 1023 benedictionem
1497 995 1578 1031 pacis
1604 997 1632 1022 et
1654 995 1755 1023 salutis
1778 995 1809 1022 in

1024 1043 1096 1071 Filio
1115 1042 1256 1078 Virginis3
1270 1042 1512 1070 benedictionem
1536 1041 1636 1077 utique
1659 1042 1752 1076 illam,
1771 1042 1808 1069 de

1025 1098 1086 1126 qua
1096 1089 1253 1125 Apostolus
1269 1089 1309 1117 ait
1324 1090 1334 1105 θ
1349 1098 1354 1116 :
1369 1090 1528 1116 Benedictus
1545 1090 1611 1116 Deus
1626 1091 1650 1116 et
1666 1090 1746 1116 Pater
1759 1090 1810 1115 Do-

1024 1139 1093 1164 mini
1108 1138 1196 1164 nostri
1209 1138 1272 1164 Jesu
1289 1137 1403 1170 Chrzstz‘,
1420 1138 1468 1170 qui
1483 1136 1621 1163 benedixit
1631 1143 1678 1163 nos
1694 1137 1724 1162 in
1735 1137 1809 1162 onmi

1025 1185 1209 1212 benedictione
1221 1185 1251 1210 in
1266 1184 1412 1210 coelestibus
1428 1184 1457 1210 in
1472 1183 1593 1215 Christo;
1613 1190 1705 1218 quam
1721 1182 1810 1210 etiam

1024 1231 1262 1259 benedictionem
1273 1230 1335 1266 ipse
1350 1230 1524 1258 benedictus
1540 1229 1628 1257 Filius
1643 1229 1810 1257 benedictae

1024 1278 1150 1313 Virginis
1159 1277 1360 1311 confirmabit,
1376 1277 1499 1313 quaudo
1516 1276 1630 1304 dicet7:
1652 1277 1753 1311 Venite,
1770 1277 1810 1304 be-

1025 1325 1127 1352 nedz'ctz·
1137 1326 1239 1359 Patris,
1249 1327 1302 1352 etc.
1310 1324 1400 1352 Jacob
1410 1332 1481 1359 ergo
1493 1331 1608 1351 aurorae
1623 1323 1810 1357 ascendenti,

1026 1374 1052 1400 et
1077 1380 1132 1399 nos
1156 1371 1250 1399 Mariae
1276 1371 1446 1399 advenienti
1476 1371 1584 1406 gratias
1609 1379 1733 1405 agamus
1754 1378 1810 1406 pro

1025 1419 1245 1453 benedictione,
1259 1427 1320 1454 qua
1335 1427 1403 1446 cum
1418 1418 1530 1453 Angelo
1538 1417 1685 1454 pacificati
1697 1426 1810 1445 sumus.

1026 1467 1124 1494 Merito
1141 1468 1217 1494 certe
1233 1474 1288 1502 per
1312 1474 1463 1500 auroram,
1487 1465 1592 1492 merito
1614 1473 1668 1500 per
1692 1465 1812 1492 Mariam

1025 1513 1162 1540 homines
1178 1521 1246 1540 cum
1264 1512 1378 1547 angelis
1393 1512 1597 1548 pacificantur,
1616 1520 1651 1539 ex
1677 1520 1738 1548 quo
1759 1519 1812 1547 per

1026 1560 1144 1588 Mariam
1163 1560 1201 1587 ab
1217 1559 1391 1587 hominibus
1411 1559 1588 1594 angelorum
1605 1558 1688 1586 chori
1704 1558 1811 1585 reinte-

1028 1609 1162 1643 grantur,
1175 1607 1249 1634 sieut
1258 1607 1412 1635 Anselmus
1425 1607 1564 1640 insinuat,
1577 1605 1677 1633 dicens
1691 1614 1716 1632 :«
1728 1606 1749 1632 O
1761 1604 1813 1632 foe-

1027 1655 1110 1682 mina
1125 1654 1301 1682 mirabiliter
1322 1653 1493 1689 singularis,
1508 1655 1536 1680 et
1554 1652 1743 1688 singulariter
1759 1652 1813 1679 mi-

1026 1702 1139 1736 rabilis,
1156 1710 1207 1737 per
1224 1710 1316 1737 quam
1332 1701 1478 1728 elementa
1487 1703 1681 1734 renovantur,
1697 1700 1814 1727 inferna

1026 1749 1239 1783 remediantur,
1256 1748 1393 1776 homines
1408 1748 1570 1783 salvantur,
1587 1747 1689 1782 Angeli
1702 1747 1812 1774 reinte-

1028 1797 1165 1831 grantur!
1179 1805 1193 1821 n

1063 1843 1158 1870 Tertio
1174 1842 1326 1877 attendite,
1343 1842 1517 1876 charissimi,
1534 1841 1617 1878 quod
1633 1849 1743 1869 aurora
1758 1849 1813 1869 no-

1028 1893 1087 1919 stra
1102 1890 1190 1919 Maria
1205 1890 1293 1917 nobis
1316 1892 1358 1917 est
1380 1891 1482 1917 contra
1505 1889 1656 1916 daemones
1678 1889 1812 1916 defensa-

1027 1938 1094 1972 trix,
1111 1938 1184 1965 sicut
1199 1937 1348 1972 signatum
1370 1939 1411 1964 est
1436 1937 1466 1963 in
1487 1936 1553 1970 Joh,
1577 1936 1629 1963 ubi
1652 1936 1689 1963 de
1714 1935 1813 1963 homi-

1029 1985 1103 2020 cida,
1120 1987 1147 2012 et
1162 1985 1199 2012 de
1214 1984 1288 2018 fure,
1309 1985 1337 2011 et
1360 1983 1397 2010 de
1416 1982 1552 2010 adultero
1575 1983 1682 2010 dicitur
1696 1984 1706 1999 ⁸
1724 1992 1730 2010 :
1747 1985 1812 2010 Per-

1028 2034 1136 2066 fodt'unt
1151 2033 1181 2059 in
1198 2032 1313 2059 tenebris
1330 2031 1433 2064 domos,
1444 2032 1515 2057 sicut
1530 2031 1559 2056 in
1574 2030 1618 2057 die
1633 2031 1813 2057 cmzdz'oeerant

1028 2081 1092 2114 sibi,
1109 2082 1134 2107 et
1154 2081 1350 2113 ignoraverunt
1374 2079 1466 2105 lucem.
1487 2077 1518 2104 Si
1537 2078 1625 2104 subito
1651 2078 1811 2112 apparuerit

1029 2135 1137 2161 aurora,
1150 2127 1323 2153 arbitrantur
1336 2126 1457 2152 umbram
1467 2126 1571 2151 mortis.
1587 2124 1741 2152 Homicida
1753 2124 1814 2151 dia-

1029 2174 1127 2205 bolus,
1152 2173 1198 2200 t'ur
1214 2172 1364 2205 diabolus,
1387 2171 1502 2198 adulter
1518 2171 1657 2198 diabolus
1681 2173 1732 2198 est.
1756 2172 1812 2198 Ho-

1029 2220 1149 2254 micida,
1166 2220 1301 2255 inquam,
1317 2220 1368 2251 est,
1389 2218 1459 2253 quia
1477 2225 1571 2253 genus
1584 2218 1750 2245 humanum
1765 2225 1813 2244 oc-

1030 2268 1113 2301 cidit;
1131 2267 1188 2300 fur,
1203 2267 1284 2302 quia,
1300 2273 1497 2301 quaecumque
1512 2267 1618 2300 potest,
1634 2264 1722 2292 nobis
1732 2265 1814 2292 hona

1030 2314 1192 2348 subtrahit3
1210 2312 1335 2346 adulter,
1352 2311 1424 2347 quia
1444 2319 1587 2347 sponsam
1608 2311 1655 2339 Dei
1681 2312 1814 2339 animam

1030 2360 1200 2396 corrumpit.
1218 2361 1288 2393 Heu,
1306 2361 1416 2394 quanta
1434 2358 1522 2386 nobis
1538 2358 1618 2386 mala
1641 2357 1814 2393 hujusmodi

1030 2407 1175 2439 malefici,
1203 2408 1314 2442 quanta
1337 2405 1424 2433 nobis
1449 2405 1528 2434 mala
1547 2406 1665 2441 spiritus
1690 2404 1813 2439 maligni

1028 2457 1155 2485 faciunt!
1179 2455 1350 2483 Perfodiunt
1371 2462 1501 2490 namque
1522 2454 1553 2482 in
1574 2453 1704 2481 tenebris
1726 2452 1812 2487 igno-

1029 2503 1144 2537 rantiae,
1159 2503 1190 2529 in
1206 2502 1334 2530 tenebris
1357 2501 1553 2536 obscuritatis,
1579 2500 1734 2528 interiores
1757 2499 1813 2527 do-

1032 2560 1097 2579 mos
1119 2551 1263 2578 mentium
1289 2551 1472 2584 nostrarum,
1496 2549 1603 2576 domos
1627 2548 1748 2583 utique,
1778 2547 1814 2574 de

1032 2616 1041 2632 ὓ
1052 2616 1119 2645 Luc„
1133 2621 1149 2644 ι,
1162 2615 1200 2638 28.
1213 2627 1244 2631 -
1257 2614 1265 2627 ⁶
1278 2613 1408 2643 Epltes.,1,
1425 2614 1446 2636 1.
1464 2626 1490 2630 -
1506 2613 1513 2627 ⁷
1531 2612 1635 2641 Mattlt„
1650 2617 1712 2642 XXV,
1730 2612 1771 2646 ¹34.
1785 2625 1815 2631 -ν

1033 2652 1043 2669 ⁸
1057 2651 1110 2681 dota,
1124 2656 1197 2681 XMV,
1215 2652 1257 2681 16,
1276 2651 1312 2674 Π.

1819 281 1910 302 ficati-ix.

1829 1898 1854 1916 Β.
1866 1896 1935 1917 Maria

1833 1927 1932 1948 defendit

1828 1965 1868 1979 nos
1876 1959 1935 1979 adae-

1829 1993 1935 2013 monibus
