2029 3052
627 161 908 195 RESPONSIONIS
931 160 1087 196 TERTIAE
1108 164 1237 199 CAPUT
1259 166 1298 199 11.

166 231 286 263 hahere
297 230 431 272 apicem,
444 231 474 262 ct
482 229 563 262 nihil
575 229 654 262 citra
666 229 868 271 perfectionis
881 230 946 270 api-

167 295 235 317 cem
251 294 319 316 esse
334 285 519 326 perfectum.
541 283 595 316 Est
613 284 709 316 etiam
730 283 800 315 haec
813 283 943 315 univer-

168 339 243 371 salis
258 338 410 378 negativa
426 347 506 379 pene
517 338 550 369 iu
560 340 626 369 toto
638 337 727 376 falsa,
740 337 858 368 scilicet
871 347 944 369 cum

169 403 234 425 non
249 393 356 424 solum
377 391 528 432 perfectio
543 391 618 423 vitae
630 415 640 430 ,
655 391 708 422 sed
730 391 824 422 etiam
840 391 945 431 perse-

169 447 231 478 ctio
249 445 360 487 patriae
377 445 498 485 gradus
513 445 639 484 habeat,
656 447 687 476 et
702 445 783 476 sicut
798 444 947 485 1101100110

170 499 321 531 castitatis
346 502 378 530 et
391 499 579 530 obedientiae
596 500 699 539 potest
719 507 786 530 esse
802 499 905 539 major
918 499 949 529 et

170 553 278 585 minor
291 577 299 591 ‚
315 553 360 584 sic
387 555 418 584 et
437 553 647 593 paupertatis,
676 552 947 594 quemadmodum

171 616 211 639 ex
223 607 337 648 primae
354 607 571 647 responsionis
593 607 685 638 tertia
703 607 792 647 parte
807 606 947 646 patescit.

171 661 312 702 Denique
325 670 422 702 quam
434 660 649 702 periculosum
663 661 704 692 sit
715 661 949 702 possessionum

172 715 369 747 affluentiam
392 714 521 754 magnis
541 715 704 746 laudatam
719 715 886 755 praeconiis
900 714 951 746 de-

173 769 372 801 siderabilem
386 768 530 807 reddere,
547 778 588 800 ex
604 769 663 800 hoc
680 771 823 808 patenter
837 768 949 800 adver-

171 823 261 862 titur,
277 822 363 863 quod
382 822 527 853 omnium
550 823 614 854 fere
631 823 817 853 mortalium
833 823 952 863 appeti-

171 879 224 908 tus
239 878 269 907 et
284 885 394 907 sensus
409 876 502 917 proni
518 878 594 908 sunt
608 877 647 907 ad
661 877 952 917 concupiscentiam

172 930 360 968 oculorum,
383 933 414 961 et
437 931 682 962 admirationem
704 931 907 970 divitiarum,
921 933 952 962 et

173 985 255 1016 sicut
284 984 360 1015 dicit
379 984 548 1025 Apostolus
571 985 609 1016 ad
625 985 871 1017 Timotheum¹:
892 986 953 1021 Oui

174 1038 284 1071 volunt
295 1038 413 1070 divites
429 1038 514 1078 fieri,
528 1039 682 1072 incidunt
692 1040 728 1071 in
743 1040 952 1072 tentationem

175 1095 204 1124 et
219 1093 367 1132 laqueum
391 1092 524 1125 diaboti.
549 1092 638 1130 Quod
657 1093 684 1124 si
707 1093 823 1124 dixerit
838 1102 904 1124 non
919 1103 953 1124 se

173 1145 304 1177 laudare
326 1146 540 1186 possessiones
565 1156 796 1187 quascumque,
813 1148 867 1178 sed
884 1150 954 1178 tan-

174 1200 244 1230 tum
259 1208 447 1230 communes
465 1202 496 1230 et
509 1200 749 1239 ecclesiasticas,
765 1204 796 1231 et
820 1200 953 1231 Domino

175 1253 351 1293 dedicatas,
372 1254 513 1284 attendat
532 1253 619 1294 quod
642 1263 706 1285 nou
725 1264 863 1294 parvum
879 1255 956 1285 latet

174 1306 209 1337 in
234 1307 377 1347 ipsarum
401 1307 621 1339 cumulatione
646 1309 837 1348 periculum.
865 1307 954 1339 Unde

175 1360 354 1393 Bernardus
375 1363 396 1401 ²,
422 1362 460 1394 de
483 1362 637 1402 colloquio
655 1363 798 1395 Simonis
812 1366 840 1395 et
856 1363 928 1394 Jesu
943 1371 954 1393 :

177 1426 191 1444 (1
209 1415 334 1447 Dotatas
359 1418 391 1447 et
414 1417 571 1447 dedicatas
595 1417 757 1447 cernimus
776 1417 923 1448 ecclesias
937 1426 956 1447 a

176 1469 358 1509 potentibus
372 1472 403 1501 et
418 1471 571 1501 divitibus
594 1471 694 1511 huJus
709 1472 833 1510 saeculi,
851 1472 906 1512 qui
923 1471 956 1501 10

176 1523 326 1562 operibus
340 1523 433 1554 bonis
448 1524 574 1561 (11111105,
595 1525 690 1564 juxta
708 1525 833 1555 Domini
849 1525 957 1556 admo-

177 1576 332 1608 nitionem
343 1602 351 1617 ,
367 1578 486 1609 amicos
510 1579 570 1609 sibi
593 1580 695 1610 facere
711 1579 903 1610 studuerunt
918 1580 957 1610 de

176 1638 364 1662 mammona
384 1631 573 1672 iniquitatis,
594 1641 612 1663 a
636 1633 755 1672 quibus
778 1633 812 1663 111
838 1635 957 1663 aeterna

176 1684 381 1716 tabernacula
402 1686 631 1726 reciperentur.
654 1686 771 1723 Quidni
794 1687 958 1726 sperarent

177 1738 217 1768 ab
234 1739 284 1769 his
298 1749 330 1770 se
344 1740 454 1780 recipi,
467 1740 520 1780 (1111
531 1740 635 1771 claves
652 1740 800 1772 videntur
814 1740 932 1771 habere
942 1741 957 1770 ‘2

179 1791 255 1830 Sed,
269 1793 334 1824 heu
347 1794 354 1823 l
371 1794 444 1824 data
452 1797 498 1824 est
513 1794 582 1834 ipsa
595 1795 793 1834 providentia
804 1804 915 1825 eorum
925 1794 958 1824 in

179 1846 376 1877 occasionem
392 1848 506 1886 carnis,
528 1851 558 1878 et
573 1849 629 1888 (1111
650 1849 709 1878 51111
724 1851 819 1888 atque
834 1848 904 1878 aliis
924 1848 957 1878 in

181 1899 259 1930 coelo
273 1900 477 1931 tabernacula
491 1911 603 1941 parare
617 1902 809 1940 debuerant,
826 1902 858 1931 in
874 1904 960 1932 terra

180 1954 250 1993 conj
257 1956 385 1992 ungunt
399 1955 532 1985 domum
549 1955 589 1986 ad
603 1955 746 1994 domum,
764 1958 794 1986 et
809 1955 959 1995 copulant

181 2015 300 2045 agrum
326 2016 416 2046 agro.
439 2008 515 2045 Quis
535 2010 641 2049 rapuit
658 2010 698 2040 ab
721 2019 775 2040 ore
798 2009 957 2049 apostolo-

181 2068 256 2090 rum
281 2060 467 2100 huiusmodi
496 2063 648 2102 temporis
672 2063 807 2093 verbum
831 2062 957 2102 gratiae,

182 2114 318 2145 verbum
342 2115 468 2147 fiduciae
488 2127 494 2147 :
518 2117 596 2148 Ecce
616 2125 674 2148 nos
696 2117 884 2157 reliquimus
899 2125 961 2148 onz-

183 2167 252 2204 nia,
268 2170 296 2199 et
309 2170 410 2201 secuti
423 2178 534 2202 sumus
549 2172 602 2203 te?
616 2170 694 2201 Ecce
709 2171 796 2201 enim
810 2173 846 2201 ut
861 2180 960 2210 popu-

183 2219 245 2257 lus,
260 2221 304 2251 510
319 2223 494 2255 sacerdotes
509 2225 622 2256 divites
638 2225 707 2255 fieri
722 2225 851 2257 volunt:
869 2225 960 2254 51011-

184 2272 255 2304 liter
278 2274 330 2305 hic
352 2285 459 2315 suam,
479 2280 510 2308 et
537 2279 752 2309 abundantius
774 2288 865 2309 suam
881 2278 962 2309 reci-

185 2326 278 2366 piunt
292 2329 541 2362 consolatmnem
554 2343 560 2363 :
578 2333 724 2363 similiter
739 2333 849 2363 amicis
864 2334 962 2371 egent

186 2384 217 2412 et
231 2382 301 2422 ipsi,
318 2386 354 2414 ut
372 2384 404 2414 in
419 2385 522 2416 aliena
537 2387 743 2418 tabernacula
754 2387 959 2426 recipiantur,

185 2437 222 2466 ut
236 2437 364 2476 propria
378 2447 441 2468 nou
456 2440 617 2471 habentes.
636 2441 733 2473 Beati
747 2441 833 2471 enim
846 2448 963 2479 paupe-

186 2496 236 2520 res
261 2491 391 2530 spiritu,
419 2495 572 2532 quoniam
598 2496 742 2535 tpsorzmz
764 2498 807 2526 est
831 2503 964 2534 remmam

187 2543 346 2576 melorum.
362 2557 377 2575 D
396 2546 472 2578 llaec
486 2547 667 2580 Bernartius
679 2549 700 2580 ².
718 2549 805 2580 Idem
821 2558 960 2589 quoque,

220 2624 228 2640 ¹
244 2625 250 2648 1
272 2626 343 2657 Tim„
360 2633 395 2657 xi,
410 2630 432 2652 9.
447 2642 478 2647 —
493 2630 501 2643 ²
515 2631 568 2654 imo
585 2631 708 2661 Gautrid.⁷
723 2630 751 2654 tle
765 2630 852 2661 colloq.
869 2631 965 2654 Simon.

186 2665 243 2684 cum
256 2662 326 2692 Jesu,
342 2671 368 2688 11.
385 2666 408 2688 9.
424 2678 454 2683 -
469 2666 478 2680 ³
492 2666 566 2697 ibid„
580 2669 687 2698 Xiv,1tj.
703 2679 734 2684 -
749 2667 781 2690 ‘l
801 2667 872 2697 Tam„
888 2672 922 2697 VJ,
941 2667 965 2689 7-

1718 170 1775 200 477

1000 232 1194 272 quibusdam
1215 234 1410 276 interpositis
1421 258 1429 273 ‚
1445 235 1554 266 subdit
1567 235 1577 253 ³
1591 244 1599 266 ε
1617 246 1632 265 (ι
1647 234 1777 268 Utinam

999 285 1034 316 in
1053 286 1220 320 duodecim
1244 297 1330 320 unus
1353 288 1448 321 hodie
1467 288 1600 328 Petrus,
1616 298 1704 321 1111115
1721 289 1778 329 qui

999 339 1184 380 reliquerit,
1200 352 1285 373 unus
1307 343 1361 383 qui
1377 343 1490 375 loculis
1503 345 1620 381 careat,
1636 341 1779 373 invenia-

1001 396 1074 425 tur!
1092 395 1219 427 Utinam
1235 406 1373 437 saperes,
1389 397 1497 436 miser,
1518 399 1550 428 et
1569 396 1777 435 intelligeres,

1001 456 1074 478 011111
1101 448 1250 481 thesauro
1274 451 1439 490 pecuniae,
1456 453 1487 481 et
1511 450 1699 481 thesaurum
1724 449 1780 480 irae

1001 500 1120 540 pariter
1133 503 1290 533 cumulari
1309 505 1315 534 l
1339 504 1464 535 utinam
1488 503 1660 536 novissima
1676 502 1782 543 provi-

1001 553 1108 592 deres,
1139 555 1412 588 animadverteres
1435 557 1526 588 facile
1557 566 1613 597 per
1637 556 1782 587 foramen

1002 616 1078 639 acus
1102 609 1294 640 transituros
1318 619 1383 641 non
1406 611 1593 643 divitiarum
1622 610 1781 649 cumulos,

1003 661 1058 692 sed
1073 661 1271 694 delictorum.
1286 663 1379 695 Nihil
1390 665 1476 696 enim
1486 665 1495 681 δ
1509 665 1644 697 tulimus
1653 665 1690 697 in
1697 664 1783 696 hunc

1004 716 1171 756 mundum,
1195 717 1285 749 haud
1311 717 1460 757 dubium,
1483 719 1562 758 quia
1582 727 1639 751 nec
1657 719 1785 758 auterre

1003 777 1176 809 possumus
1185 772 1387 812 quicquam.»
1394 771 1566 812 Hucusque
1574 772 1754 804 Bernardus
1762 772 1784 802 ².

1007 823 1063 854 Cui
1099 824 1274 864 Gregorius
1305 825 1524 857 Nazianzenus
1554 826 1723 857 concordat
1753 826 1787 856 in

1006 877 1145 916 quodam
1166 888 1331 917 sermone,
1358 881 1468 910 contra
1490 881 1709 920 persecutores
1729 881 1787 910 Ec-

1006 930 1110 963 clesiae
1134 932 1312 973 loqueris⁵z
1336 932 1425 964 «Sed
1449 933 1674 972 facultatibus,
1695 945 1710 962 »
1733 934 1788 964 in-

1007 985 1087 1026 quit,
1117 997 1132 1015 «
1159 986 1403 1018 defraudahunt.
1431 988 1577 1024 Quibus?
1601 987 1702 1018 meis?
1727 987 1790 1019 Sed

1006 1039 1130 1070 facilius
1145 1040 1224 1070 mihi
1243 1040 1308 1071 alas
1323 1041 1509 1072 abscindent
1520 1065 1530 1079 ,
1547 1051 1627 1081 quas
1649 1051 1714 1073 non
1729 1042 1788 1073 ha-

1008 1094 1078 1125 heo.
1105 1093 1137 1124 Si
1160 1096 1267 1125 autem
1283 1094 1511 1134 ecclesiasticis,
1528 1095 1590 1126 hoc
1605 1095 1718 1136 utique
1732 1105 1790 1136 pro

1009 1157 1073 1188 quo
1097 1148 1202 1178 omnis
1225 1158 1340 1188 pugna
1362 1151 1400 1182 ,et
1421 1158 1516 1180 omne
1542 1152 1715 1180 certamen.
1740 1150 1791 1180 An

1008 1202 1217 1242 ignoramuS,
1242 1203 1327 1242 quod
1344 1212 1401 1242 per
1416 1203 1561 1243 pecuniae
1583 1204 1791 1244 cupiditatem

1010 1257 1041 1286 et
1054 1255 1233 1286 loculorum
1250 1256 1395 1287 fraudem
1406 1281 1413 1295 ‚
1433 1257 1472 1288 ad
1488 1257 1702 1297 proditionem
1717 1267 1790 1297 pro-

1010 1309 1116 1339 ficitur
1140 1308 1279 1339 Christi?
1305 1320 1318 1337 »
1351 1309 1425 1340 llaec
1452 1309 1628 1349 Gregorius
1656 1309 1791 1341 Nazian-

1010 1372 1119 1394 zenus.
1136 1363 1184 1393 Ad
1201 1363 1260 1394 hoc
1276 1363 1371 1394 etiam
1386 1363 1458 1394 facit
1470 1364 1554 1403 quod
1569 1364 1644 1395 dicit
1658 1364 1793 1395 Ambro-

1011 1417 1078 1447 sius
1102 1417 1135 1447 in
1159 1416 1249 1447 libris
1265 1416 1303 1448 de
1322 1417 1449 1456 Officiis
1467 1417 1498 1448 ⁶:
1520 1416 1611 1454 «Qui
1632 1418 1793 1458 apostolos

1011 1470 1080 1501 sine
1095 1479 1176 1501 auro
1191 1470 1298 1509 misit,
1315 1470 1461 1501 ecclesias
1475 1470 1543 1502 sine
1563 1480 1642 1502 auro
1657 1480 1793 1511 congre*

1013 1524 1114 1563 gavit.
1132 1536 1145 1552 »
1167 1523 1205 1554 Et
1220 1525 1338 1555 iteruin
1353 1524 1363 1540 ⁷
1381 1535 1387 1556 z
1410 1536 1424 1553 «
1440 1524 1500 1561 Qui
1522 1525 1700 1564 plurimum
1723 1525 1794 1556 auri

1012 1578 1163 1617 possidet,
1182 1587 1246 1609 1100
1263 1578 1415 1617 abundat,
1433 1578 1508 1618 quia
1523 1579 1604 1609 nihil
1618 1581 1676 1617 est,
1698 1580 1792 1619 quid-

1013 1632 1090 1672 quid
1103 1633 1135 1662 in
1150 1633 1266 1664 saeculo
1280 1635 1337 1663 est.
1355 1632 1415 1670 Qui
1430 1632 1591 1672 exiguum
1607 1633 1714 1672 habet,
1728 1643 1794 1665 non

1013 1687 1140 1725 minuit,
1158 1686 1234 1726 quia
1248 1686 1329 1716 nihil
1343 1688 1389 1717 est
1403 1686 1490 1726 quod
1506 1687 1622 1717 amittit
1637 1698 1643 1718 :
1661 1697 1712 1718 res
1727 1688 1795 1718 sine

1014 1740 1180 1780 dispendio
1203 1743 1268 1778 est,
1291 1750 1365 1781 quae
1388 1742 1454 1771 tota
1478 1740 1682 1781 dispendium
1701 1744 1790 1773 est.»

1015 1793 1062 1824 Ex
1081 1795 1132 1824 his
1156 1795 1239 1825 clare
1264 1797 1348 1835 patet
1371 1796 1555 1825 sanctorum
1570 1804 1682 1826 curam
1696 1796 1794 1827 fuisse

1014 1849 1222 1888 praecipuam,
1240 1858 1305 1879 non
1323 1849 1363 1879 ad
1379 1858 1658 1889 quarumcumque
1674 1859 1795 1889 posses-

1014 1902 1143 1932 sionum
1157 1911 1300 1932 amorem
1317 1902 1441 1932 allicere
1453 1926 1460 1940 ,
1481 1903 1535 1933 sed
1550 1903 1666 1942 potiuS,
1683 1912 1796 1934 exeni-

1015 1955 1066 1995 plo
1089 1955 1333 1995 Apostolorum,
1361 1956 1400 1985 ad
1431 1965 1544 1986 earum
1573 1958 1795 1996 contemptum

1015 2018 1200 2048 provocare.
1223 2008 1286 2039 Nec
1306 2012 1413 2039 tamen
1427 2018 1468 2040 ex
1491 2009 1543 2039 1115
1565 2009 1724 2049 intelligat
1737 2011 1796 2041 ali-

1016 2062 1108 2101 quis,
1136 2062 1221 2101 quod
1245 2062 1453 2093 ecclesiastica
1475 2063 1560 2093 bona
1585 2073 1642 2103 per
1662 2065 1796 2096 modum

1015 2115 1254 2155 dilapidationis
1284 2117 1346 2147 51111
1387 2117 1536 2147 habenda
1576 2120 1794 2159 contemptui,

1016 2170 1170 2209 quoniam
1194 2171 1253 2201 hoc
1274 2170 1354 2200 sacri
1370 2180 1506 2201 canones
1526 2171 1686 2210 inhibent;
1709 2173 1763 2203 sed
1778 2183 1797 2204 a

1017 2223 1160 2262 personis
1170 2232 1234 2254 11011
1248 2224 1389 2263 alligatis
1398 2233 1485 2255 curae
1496 2225 1657 2264 pastorali,
1673 2227 1795 2257 ratione

1018 2277 1149 2316 majoris
1162 2278 1351 2316 securitatis,
1365 2278 1432 2309 sive
1446 2278 1655 2318 perfectionis,
1669 2280 1796 2310 valeant

1018 2341 1076 2371 pro
1091 2331 1204 2362 Christi
1220 2341 1330 2362 amore
1346 2332 1474 2369 dimitti,
1491 2335 1521 2362 01
1535 2332 1619 2372 quod
1631 2332 1664 2362 hi
1679 2334 1796 2373 quibus

1017 2385 1211 2424 dispensatio
1222 2394 1335 2416 eorum
1346 2386 1569 2423 committitur,
1582 2386 1638 2423 eis,
1654 2396 1726 2426 quae
1736 2388 1796 2418 dis-

1020 2442 1164 2479 pensant,
1192 2439 1374 2470 nullatenus
1393 2440 1567 2479 alligentur
1590 2440 1718 2471 affectu.
1740 2441 1798 2473 1110

1020 2497 1128 2523 autem
1149 2496 1185 2524 ut
1207 2494 1404 2524 affluentiam
1428 2502 1526 2532 opum
1543 2493 1653 2524 reddat
1673 2496 1795 2526 amabi-

1020 2547 1095 2585 lem,
1112 2549 1265 2587 tanquam
1281 2556 1349 2578 rem
1362 2547 1536 2577 sanctitatis
1550 2547 1678 2578 eximiae
1694 2549 1728 2579 10
1745 2559 1796 2581 ra-

1022 2641 1050 2646 -
1073 2629 1083 2645 5
1104 2629 1212 2658 Gregoa.
1236 2630 1295 2652 Ναὶ.
1316 2642 1347 2646 -—
1369 2629 1378 2644 θ
1401 2628 1531 2658 Α10111ο5.,
1552 2627 1582 2652 de
1603 2629 1683 2661 Offic„
1704 2631 1748 2655 111),
1767 2633 1796 2663 11,

1023 2674 1044 2688 c.
1063 2670 1156 2694 xxviu,
1172 2671 1198 2688 11.
1215 2666 1267 2689 137.
1281 2678 1312 2682 --
1329 2665 1338 2681 ⁷
1356 2664 1391 2687 ld.
