2029 3052
261 211 320 242 318

299 274 422 308 Accidit
427 274 514 307 enim
525 271 624 305 semel
635 272 672 304 ut
682 270 870 302 infirmitate
883 271 1040 310 gravatus

246 364 247 367 ,
259 328 387 361 Domini
397 336 522 366 servu5‚
537 326 572 358 in
583 326 652 358 loco
666 323 820 363 Noeeriae,
832 323 1040 356 reduceretur

258 383 416 415 Assisium
430 390 488 423 per
502 380 661 412 solemnes
673 378 815 417 nuntios,
829 377 870 410 ad
883 377 945 409 hoc
955 376 1041 408 Assi-

259 437 370 468 sinatis
393 435 502 477 populi
531 433 700 466 devotione
729 431 947 463 transmissos.
977 430 1040 469 Qui

259 490 374 523 Christi
408 488 568 521 famulum
608 486 809 525 deducentes,
851 485 891 517 ad
927 485 1040 517 villam

259 543 432 585 quamdam
452 542 654 574 devenerunt
673 539 918 582 pauperculam,
934 538 1038 570 nomi-

259 607 300 629 ne
314 597 523 629 Sarthianum
539 607 547 627 :
563 595 620 627 ubi
644 603 719 626 cum
734 594 835 625 fames
854 595 886 624 et
903 593 985 624 hora
993 592 1038 623 ci-

259 652 339 683 bum
348 651 544 692 expeterent,
555 651 681 687 euntes,
693 650 725 679 et
739 647 822 679 nihil
841 646 1040 678 invenientes

259 705 392 744 venale,
419 704 513 736 vacui
538 703 714 735 redierunt.
729 702 777 733 Ad
792 710 873 742 quos
895 700 946 732 vir
965 709 1039 731 san-

259 761 347 791 ctus:
360 758 432 791 ldeo
443 758 523 790 nihil
534 756 715 795 invenistis,
732 755 808 796 quia
821 754 894 796 plus
903 755 937 786 in
953 762 1040 785 mus-

259 813 304 844 cis
317 813 444 851 vestris,
456 821 556 853 quam
571 811 604 842 in
620 811 754 842 Domino
769 808 940 840 confiditiS.
957 807 1042 838 Mus-

259 876 313 898 cas
339 875 454 907 nempe
478 865 625 897 denarios
653 863 790 896 vocavit.
818 861 880 893 Sed
904 860 1039 892 reverti-

260 921 351 960 mini,
362 921 417 958 ait,
428 928 484 960 per
494 919 617 958 domos,
632 927 712 959 quas
724 915 893 954 circuistis,
909 918 940 946 et
954 923 1042 945 amo-

260 983 327 1007 rem
351 974 405 1006 Dei
424 973 595 1006 offerentes
612 972 651 1013 (a)
670 980 727 1012 pro
743 970 857 1011 pretio,
876 968 1041 1000 humiliter

259 1028 498 1069 eleemosynam
514 1027 682 1068 postulate.
693 1025 757 1057 Nec
765 1024 844 1056 falsa
859 1023 890 1054 id
904 1023 1042 1054 aestima-

260 1083 346 1114 tione
359 1082 578 1114 verecundum
594 1080 711 1122 putetis
724 1081 781 1110 aut
798 1078 871 1116 vile,
889 1077 1041 1116 quoniam

261 1137 412 1169 universa
430 1137 463 1167 in
486 1136 689 1175 eleemosyna
708 1134 780 1174 post
801 1134 978 1173 peccatum,
992 1130 1040 1161 di-

260 1192 336 1232 gnis
360 1193 391 1222 et
411 1190 568 1229 indignis,
595 1187 873 1228 Eleemosynarius
895 1185 948 1216 ille
971 1194 1039 1216 ma-

262 1255 348 1286 gnus
373 1245 524 1285 largiflua
551 1244 665 1284 pietate
688 1241 852 1273 concessit.
874 1240 1043 1280 Deponunt

261 1299 515 1331 erubescentiam
551 1298 668 1329 milites
689 1322 698 1335 ,
734 1299 765 1327 et
803 1296 1041 1335 eleemosynam

261 1355 374 1393 sponte
390 1355 541 1394 petentes,
560 1352 653 1392 plura
670 1360 727 1392 pro
744 1350 797 1381 Dei
811 1358 930 1386 amore,
943 1357 1041 1388 quam

261 1407 400 1438 denariis
414 1409 537 1438 emunt.
554 1405 719 1446 Siquidem
733 1404 842 1436 divino
854 1406 935 1434 nutu
950 1402 1042 1433 corde

261 1461 444 1501 compuncti
457 1469 611 1500 pauperes
628 1458 751 1494 incolae,
769 1466 834 1488 non
851 1456 956 1488 solum
971 1464 1041 1495 sua,

261 1514 315 1545 sed
330 1516 361 1545 et
376 1514 496 1554 seipsos
518 1512 691 1544 liberaliter
709 1511 907 1542 obtulerunt.
929 1509 1043 1549 sicque

263 1569 381 1599 sactum
399 1571 457 1606 est,
475 1570 511 1599 ut
525 1567 676 1607 inopiam,
698 1574 796 1606 quam
815 1564 947 1604 pecunia
963 1563 1042 1594 rele-

263 1631 339 1653 vare
362 1632 425 1653 non
442 1623 576 1661 poterat,
602 1620 624 1651 1⁴*
627 1619 758 1651 rancisci
783 1618 952 1659 pauperies
967 1626 1044 1656 opu-

262 1675 347 1706 lenta
360 1676 533 1715 suppleret.
559 1674 726 1714 Tempore,
753 1681 818 1712 qne
834 1672 984 1702 intirmus
994 1671 1045 1710 J'a-

263 1729 352 1760 cebat
374 1729 406 1760 in
431 1728 613 1760 eremitorio
640 1736 738 1768 prope
770 1726 876 1762 Reate,
903 1724 1046 1754 medicus

263 1783 393 1823 quidam
408 1785 588 1823 opportuno
604 1791 678 1813 eum
695 1779 918 1821 frequentabat
928 1777 1043 1809 officio.

265 1838 344 1869 Cum
368 1840 475 1869 autem
500 1837 615 1868 Christi
638 1844 760 1876 pauper
786 1835 942 1874 impotens
966 1834 1047 1863 esset

263 1891 303 1922 ad
327 1891 565 1932 rependendam
598 1888 777 1920 mercedem
807 1887 907 1918 labori
937 1885 1045 1917 condi—

265 1955 377 1985 gnam,
394 1945 637 1976 liberalissimus
663 1943 762 1978 Deus,
786 1951 826 1972 ne
851 1942 956 1981 ipsum
979 1940 1047 1970 sine

265 1999 413 2039 przesenti
444 1998 705 2030 renumeratione
741 1996 934 2032 dimitteret,
959 1994 1047 2034 pium

264 2054 291 2092 ej
298 2062 336 2083 us
350 2053 540 2092 obsequium
554 2052 613 2083 boc
625 2060 712 2082 novo
724 2049 878 2081 beneficio
895 2048 961 2078 vice
972 2057 1049 2088 pau-

267 2107 350 2146 peris
377 2106 605 2147 compensavit.
631 2105 738 2144 Ilujus
758 2103 843 2134 enim
862 2101 973 2132 medici
989 2101 1047 2131 do-

267 2170 360 2198 muS,
386 2170 484 2200 quam
510 2162 584 2190 tunc
606 2158 759 2198 temporis
784 2166 824 2187 ex
849 2156 937 2187 omni
961 2154 1049 2185 lucro

266 2224 325 2245 suo
347 2214 385 2245 tle
402 2224 486 2245 novo
503 2214 748 2249 construxerat,
766 2210 921 2250 parietum
943 2208 1050 2248 patula

268 2269 418 2299 scissione
438 2278 456 2299 a
478 2277 605 2299 summo
629 2276 729 2306 usque
754 2265 902 2296 deorsum
920 2263 997 2294 adeo
1011 2263 1050 2293 de

268 2323 415 2363 proximo
434 2322 616 2352 minabatur
633 2321 773 2357 ruinam,
787 2318 870 2358 quod
884 2326 947 2348 non
965 2316 1051 2347 vide-

270 2377 363 2408 batur
376 2386 431 2417 per
444 2375 597 2406 bumanae
609 2374 685 2405 artis
701 2372 890 2403 industriam
902 2369 1050 2410 possible

271 2431 370 2470 ipsius
386 2430 473 2461 casui
488 2428 631 2460 obviare.
644 2427 710 2467 lpse
728 2435 803 2458 vero
819 2426 856 2456 de
872 2423 972 2455 sancti
990 2423 1050 2453 viri

271 2484 395 2514 nit-ritis
418 2483 509 2523 plene
531 2481 711 2518 conlidens,
728 2490 802 2510 cum
828 2487 956 2517 magnae
977 2476 1050 2507 fidei

270 2538 439 2568 devotione
468 2536 579 2577 petivit
598 2544 616 2565 a
636 2534 727 2564 sociis
747 2534 816 2572 ejus
840 2531 957 2572 aliquid
990 2530 1051 2560 sibi

272 2592 414 2629 concedi,
430 2591 516 2631 quod
532 2590 615 2621 idem
631 2588 680 2620 vir
696 2587 748 2618 Dei
766 2587 913 2617 manibus
929 2587 1051 2616 contre-

273 2648 399 2676 ctasset.
430 2646 508 2675 (luni
540 2643 638 2683 igitur
669 2641 828 2672 modicum
860 2640 898 2670 «le
931 2638 1053 2679 capillis

305 2708 335 2737 (a)
354 2708 414 2732 th.
431 2707 494 2731 edil.
514 2705 653 2730 offerentis.

822 201 1008 234 LEGENDA
1028 201 1063 234 S.
1085 199 1304 233 FRANCISCI.

1094 269 1197 310 ipsius
1210 267 1314 301 multa
1330 274 1462 309 precum
1475 265 1642 298 obtentum
1656 265 1809 299 instanlia
1819 275 1874 308 po-

1094 322 1210 355 suisset
1224 322 1263 354 de
1275 330 1346 354 sero
1361 321 1446 352 intra
1469 319 1555 351 muri
1578 319 1764 360 scissuram,
1781 328 1876 352 mane

1094 386 1290 417 resurgens,
1312 377 1401 408 tanta
1422 374 1546 407 invenit
1567 375 1752 415 aperturam
1785 373 1876 406 illam

1095 433 1253 465 soliditate
1266 431 1462 470 conclusam,
1477 432 1516 462 ut
1527 439 1586 462 nee
1600 429 1751 471 reliquias
1764 429 1810 461 ibi
1825 437 1879 470 po-

1095 486 1173 518 sitas
1190 487 1297 527 posset
1311 483 1482 516 extrahere
1493 507 1502 523 ,
1524 492 1584 515 nec
1596 483 1743 515 scissurae
1761 482 1878 524 prioris

1095 539 1271 580 vestigium
1283 537 1414 579 aliquod
1429 537 1586 570 invenire.
1603 537 1803 579 Factumque
1816 539 1875 576 est,

1095 596 1132 626 ut
1150 593 1206 634 qui
1229 593 1362 624 ruinoso
1383 591 1575 633 corpusculo
1592 591 1678 624 servi
1700 591 1755 624 Dei
1769 590 1878 624 sedule

1096 648 1312 687 ministrarat,
1336 647 1471 679 ruiturae
1491 646 1608 679 domus
1628 646 1768 688 propriae
1791 645 1879 687 peri-

1095 702 1168 734 culo
1183 704 1392 743 praecaveret.

1136 756 1208 788 Alio
1231 764 1363 797 quoque
1386 757 1529 795 tempore
1553 754 1604 786 vir
1631 753 1686 786 Dei
1710 754 1748 786 ad
1767 762 1879 795 quam-

1095 810 1170 842 dam
1194 819 1339 842 eremum
1363 808 1535 840 transferre
1559 817 1593 839 se
1616 807 1747 846 volem,
1773 809 1809 839 ut
1833 807 1878 838 ibi

1096 863 1230 896 liberius
1242 862 1503 904 contemplationi
1518 864 1658 901 vacaret,
1672 861 1750 902 quia
1767 860 1879 893 debilis

1096 919 1184 956 erat,
1210 917 1377 958 cujusdam
1411 916 1474 947 viri
1511 915 1662 957 pauperis
1691 914 1879 947 vectabatur

1096 970 1204 1002 asello.
1240 970 1386 1011 Cumque
1419 970 1533 1002 diebus
1564 969 1687 1001 aestivis
1720 968 1879 1000 ramulum

1097 1024 1213 1056 Christi
1233 1024 1397 1065 sequendo
1417 1024 1468 1055 vir
1491 1023 1543 1055 ille
1558 1024 1711 1055 montana
1725 1030 1878 1054 conscen-

1097 1079 1200 1117 deret,
1214 1078 1368 1119 asperiori
1384 1080 1416 1109 et
1430 1077 1570 1118 longiori
1585 1077 1699 1108 itinere
1715 1076 1879 1116 fatigatus,

1098 1133 1262 1173 nimioque
1289 1132 1358 1163 sitis
1390 1131 1504 1163 ardore
1528 1131 1698 1170 deficiens,
1725 1131 1880 1162 instanter

1097 1187 1194 1227 caepit
1219 1186 1356 1217 clamare
1382 1188 1453 1226 post
1478 1187 1625 1216 sanctum
1647 1193 1655 1215 ε
1680 1184 1726 1215 En
1758 1183 1880 1215 morior

1098 1240 1236 1280 (inquit)
1255 1239 1324 1278 siti,
1349 1239 1409 1270 nisi
1437 1238 1541 1279 poculi
1566 1237 1702 1278 alicujus
1726 1236 1880 1268 beneficio

1098 1292 1250 1323 continuo
1275 1290 1439 1322 refociller.
1475 1290 1605 1330 Absque
1636 1298 1727 1321 mora
1751 1289 1803 1320 vir
1825 1288 1879 1319 Dei

1098 1346 1255 1387 prosilivit
1268 1346 1307 1377 de
1322 1345 1424 1383 asino,
1441 1347 1472 1375 et
1487 1344 1560 1375 fixis
1577 1344 1611 1374 in
1626 1345 1711 1375 terra
1726 1343 1877 1384 genibus,

1100 1399 1221 1440 palmas
1241 1399 1373 1430 tetendit
1396 1398 1429 1429 in
1453 1398 1590 1437 coelum,
1607 1406 1699 1428 orare
1722 1405 1789 1428 non
1809 1405 1879 1428 ces-

1100 1463 1190 1492 sam,
1206 1453 1306 1484 donec
1329 1462 1361 1483 se
1384 1451 1541 1483 intellexit
1554 1450 1714 1482 auditum.
1732 1449 1881 1482 Oratione

1100 1508 1228 1539 tandem
1249 1507 1340 1538 finita
1359 1518 1365 1538 :
1385 1506 1527 1544 Festina,
1545 1505 1652 1545 inquit
1666 1505 1752 1542 viro,
1770 1504 1809 1535 ad
1825 1512 1879 1544 pe-

1100 1564 1200 1599 tram,
1217 1563 1247 1592 et
1266 1561 1328 1591 illic
1350 1569 1467 1600 aquam
1483 1559 1591 1590 vivam
1607 1558 1767 1596 invenies,
1783 1566 1881 1598 quam

1101 1615 1157 1645 tibi
1184 1615 1243 1645 bac
1258 1615 1337 1645 bora
1357 1613 1604 1644 misericorditer
1623 1612 1766 1643 Christus
1781 1612 1819 1643 de
1835 1611 1880 1642 la—

1102 1669 1172 1708 pide
1191 1668 1363 1699 bibendam
1387 1667 1547 1708 produxit.
1573 1665 1735 1706 Stupenda
1758 1665 1811 1695 Dei
1833 1664 1882 1695 di-

1101 1722 1225 1761 gnatio,
1243 1731 1316 1762 quae
1337 1721 1439 1752 servis
1459 1720 1525 1751 suis
1545 1723 1610 1751 tam
1634 1718 1722 1750 facile
1737 1728 1770 1749 se
1786 1718 1881 1749 incli-

1103 1777 1173 1806 nat!
1185 1775 1267 1806 Bibit
1282 1775 1391 1806 sitiens
1403 1775 1501 1805 hoino
1511 1783 1628 1815 aquam
1640 1773 1678 1805 de
1690 1775 1778 1813 petra
1791 1781 1883 1803 oran-

1104 1829 1142 1860 tis
1166 1829 1301 1867 virtute,
1317 1832 1348 1860 et
1364 1828 1515 1869 poculum
1534 1827 1641 1859 hausit
1663 1827 1702 1858 de
1727 1834 1806 1857 saxo
1821 1825 1880 1857 du-

1104 1884 1241 1915 rissimo.
1274 1884 1376 1924 Aquae
1409 1883 1561 1914 decursus
1585 1881 1704 1913 ibidem
1723 1882 1798 1911 ante
1817 1888 1882 1911 non

1105 1938 1174 1976 tuit,
1192 1947 1248 1969 nec
1261 1963 1270 1977 ‚
1287 1940 1323 1969 ut
1341 1939 1387 1968 est
1401 1937 1573 1976 diligenter
1587 1935 1777 1976 quaesitum,
1792 1933 1883 1964 dein-

1105 2003 1177 2033 ceps
1211 1993 1314 2033 potuit
1338 1992 1487 2023 inveniri.
1515 1990 1656 2027 Qualiter
1675 1990 1800 2026 autem,
1827 1995 1884 2027 per

1106 2047 1220 2078 merita
1240 2046 1288 2078 sui
1305 2045 1471 2086 pauperis,
1488 2044 1633 2075 Christus
1649 2041 1883 2082 multiplicave-

1106 2101 1148 2131 rit
1173 2101 1259 2131 cibos
1284 2100 1317 2130 in
1340 2099 1433 2136 mari,
1453 2107 1527 2129 cum
1544 2106 1601 2128 suo
1616 2096 1655 2127 sit
1670 2096 1738 2127 loco
1753 2093 1885 2125 inferius

1106 2154 1348 2191 annotandum3
1375 2153 1435 2183 boc
1465 2154 1588 2182 tantum
1616 2156 1884 2181 commemorasse

1107 2207 1255 2243 sufficiat,
1278 2206 1363 2247 quod
1387 2205 1589 2245 eleemosyna
1609 2203 1732 2234 modica
1748 2201 1807 2233 sibi
1824 2200 1885 2232 col-

1106 2261 1187 2299 lata,
1211 2263 1323 2291 nautas
1340 2269 1357 2290 a
1381 2259 1473 2290 samis
1495 2261 1525 2289 et
1542 2257 1652 2289 mortis
1668 2255 1808 2297 periculo
1829 2262 1885 2294 per

1107 2315 1173 2346 dies
1202 2314 1357 2354 plurimos
1379 2312 1545 2348 liberavit,
1565 2313 1601 2342 ut
1619 2319 1659 2341 ex
1681 2310 1741 2340 hoe
1765 2307 1884 2348 liquido

1108 2368 1207 2409 possit
1222 2367 1356 2404 adverti,
1374 2365 1459 2406 qnod
1470 2363 1700 2404 omnipotentis
1713 2361 1767 2393 Dei
1784 2361 1884 2392 samu-

1109 2423 1174 2460 lus,
1192 2422 1273 2452 sicut
1294 2421 1325 2451 in
1347 2419 1514 2451 eductione
1533 2426 1625 2458 aquae
1644 2417 1682 2447 de
1701 2417 1791 2455 petra
1805 2423 1883 2445 con-

1109 2475 1220 2506 formis
1243 2474 1346 2505 extitit
1362 2473 1478 2513 Moysi,
1502 2472 1546 2502 sic
1568 2471 1601 2501 in
1624 2468 1884 2509 multiplicatione

1109 2528 1297 2560 victualium
1314 2527 1437 2558 Elisaeo.
1457 2525 1570 2557 Procul
1586 2524 1687 2563 igitur
1702 2532 1720 2553 a
1735 2522 1882 2562 pauperi-

1109 2583 1170 2614 bus
1195 2582 1310 2614 Clu-isti
1339 2580 1513 2612 diffidentia
1537 2577 1642 2609 omnis
1666 2576 1823 2608 abscedat.
1850 2575 1883 2606 Si

1109 2637 1195 2668 enim
1211 2638 1380 2675 paupertas
1396 2631 1535 2665 Fancisci
1551 2631 1630 2662 adeo
1645 2630 1781 2671 copiosae
1794 2629 1884 2661 suffi-

1110 2690 1231 2722 cientiae
1250 2690 1326 2728 fuit,
1344 2691 1380 2719 ut
1397 2685 1654 2719 subvenientium
1673 2684 1732 2715 sibi
1747 2684 1885 2716 defectus
