2060 3052
648 222 698 254 DE
720 222 799 255 UNO
823 221 1028 254 MARTYRE.
1052 222 1186 256 SERMO
1210 223 1248 254 11.
1724 228 1762 258 39

135 292 168 319 ut
181 290 266 327 nihil,
280 298 373 328 quam
388 291 472 328 quod
485 290 628 328 possidet,
647 291 771 328 quaerat,
786 290 840 319 sed
854 297 919 319 om-

135 338 207 367 nino
222 339 376 367 contentus
386 338 491 367 existat
501 339 516 366 ἵ
529 338 684 367 psalmista
697 339 705 356 ¹
718 347 724 367 :
745 347 759 365 c(
771 337 918 373 satiabor,

135 394 205 414 cum
219 385 390 423 apparuerit
405 385 499 422 gloria
510 387 572 414 tua.
587 396 601 413 n

169 432 263 462 Tertio
278 433 318 470 (a)
332 432 428 469 gloria
438 433 585 461 aeternalis
596 432 729 462 consistit
739 433 771 461 in
781 433 918 461 omnium

134 481 286 509 bonorum
300 480 493 516 revelatione,
508 481 581 518 quia
594 481 669 509 nihil
681 480 723 509 ibi
737 481 852 509 homini
867 488 917 509 oc-

134 527 304 557 cultabitur.
321 529 403 557 Unde
419 529 509 557 debet
522 537 585 558 esse
605 529 700 564 laetus,
714 537 783 557 cum
798 528 873 556 nihil
891 528 918 556 ei

135 575 308 612 occultetur,
319 575 344 604 si
356 576 465 605 debeat
479 584 541 605 esse
554 577 671 612 beatus,
681 576 734 605 sed
743 576 768 604 ei
777 576 879 604 omnia
887 575 918 603 in

135 620 259 660 publico
272 625 470 660 exponuntur.
485 625 600 652 Bonum
610 624 690 652 enim
705 623 917 658 desideratum,

134 671 232 698 visum
244 669 386 704 laetificat;
404 670 457 698 sed
479 670 532 698 diu
547 672 750 707 expectatum,
767 670 857 698 valde
875 670 919 698 af-

134 717 209 753 fligit
223 717 355 745 animam
368 719 397 745 et
412 725 520 757 corpus
532 727 539 745 z
553 718 718 754 aliquando
732 725 839 746 sanum
850 717 920 746 facit

134 772 257 800 aegrum.
283 764 460 801 Exemplum
484 764 521 792 de
538 766 634 793 Amon
659 765 722 793 filio
745 765 849 799 David,
866 764 919 800 qui

133 813 256 848 propter
276 811 403 840 Thamar
425 812 608 841 desiderium
634 812 780 848 agrotavit
798 813 826 847 2³,
848 811 919 848 quia

134 859 198 894 ejus
213 858 376 887 concubitu
397 859 455 887 frui
469 868 532 888 non
546 860 651 896 potuit.
668 860 804 888 Similiter
819 860 847 887 et
865 867 918 887 rex

134 906 234 935 A'chab
253 906 407 942 aegrotavit
420 907 440 942 ³,
457 907 510 943 qui
524 907 551 935 ei
571 907 688 935 Naboth
710 907 831 935 vineam
846 907 918 935 dare

133 954 241 982 renuit.
257 955 333 990 Lege
348 954 412 990 ejus
421 954 570 990 historias,
580 955 604 982 si
619 962 669 983 eas
679 957 777 982 mente
792 953 916 982 nescias.

134 1003 211 1036 Ergo
222 1009 284 1029 non
296 1001 471 1030 altissimam
486 1001 612 1037 gloriam
627 1001 710 1030 illam
723 1002 851 1037 judicas,
864 1001 918 1029 ubi

135 1056 225 1076 omne
240 1048 423 1077 desiderium
433 1049 487 1077 erit
501 1049 540 1077 ad
550 1049 668 1077 libitum
679 1049 808 1085 cupienti
829 1057 918 1086 expo-

135 1095 248 1123 situm?
262 1097 295 1124 Et
306 1098 465 1132 propterea
481 1096 599 1124 dicebat
613 1096 772 1133 Apostolus
782 1097 809 1124 ⁶:
830 1106 843 1123 «
853 1098 918 1125 Non

134 1144 202 1170 sunt
217 1143 373 1179 condignae
389 1143 542 1179 passiones
557 1143 646 1179 hujus
661 1143 803 1179 temporis
819 1144 857 1172 ad
872 1144 918 1171 fn-

131 1191 230 1218 turam
246 1190 385 1226 gloriam,
401 1198 467 1226 quae
476 1191 656 1219 revelabitur
670 1191 702 1218 in
716 1191 816 1219 nohis.
827 1201 840 1217 n
853 1193 917 1219 Non

134 1237 260 1265 delectat
299 1237 414 1273 pictura
452 1239 729 1274 quantumcumque
768 1237 895 1274 pulchra
906 1259 915 1273 ,

134 1283 280 1319 quamdiu
298 1282 386 1311 fuerit
407 1283 523 1319 velata3
548 1283 602 1311 sed
622 1283 731 1320 solum,
756 1286 918 1320 postquam

133 1329 221 1358 fuerit
234 1329 374 1358 revelata.

171 1378 279 1411 Quarto
296 1377 331 1414 (b)
347 1377 444 1413 gloria
459 1377 606 1406 aeternalis
622 1378 753 1406 consistIt
767 1379 798 1406 in
815 1380 918 1415 aperta

134 1424 259 1452 visione.
283 1425 390 1452 Omnia
410 1424 469 1452 alia
494 1425 601 1452 mundi
624 1425 726 1459 bona,
755 1427 917 1462 omniaque

135 1471 264 1499 coelestia
286 1479 349 1499 non
372 1471 540 1500 sufficerent
564 1472 653 1500 nobis
677 1472 757 1507 data,
781 1475 809 1500 et
829 1465 918 1501 nobis

135 1518 279 1555 exposita,
291 1518 509 1546 nisivideamus
516 1519 651 1547 divinam
659 1520 827 1548 essentiam.
834 1520 917 1548 Unde

134 1565 462 1602 quidamphilosophus
476 1565 644 1602 platonicus
661 1567 747 1595 dicit:
770 1567 918 1595 «Tamde—

133 1612 221 1640 licata
235 1614 278 1640 est
292 1612 394 1640 divina
408 1613 500 1651 visio,
514 1615 597 1641 tanto
613 1621 716 1641 amore
731 1613 918 1648 dignissima,

132 1662 164 1687 ut
186 1659 336 1696 quidquid
351 1659 444 1688 homo
461 1660 624 1696 possideat,
644 1660 697 1689 illa
717 1669 780 1689 non
803 1661 916 1695 habita,

132 1715 195 1734 non
206 1706 436 1735 facithominem
446 1707 579 1741 beatum,
590 1707 643 1735 sed
651 1708 801 1736 miserum.
815 1718 828 1735 n
841 1710 917 1744 Ergo

132 1762 248 1782 summe
261 1754 342 1782 beati
356 1754 477 1789 erimus,
488 1755 559 1791 quia
574 1756 664 1783 Deum
679 1756 711 1782 in
726 1755 823 1792 seipso
835 1756 917 1784 vide-

132 1801 242 1829 bimus.
259 1801 381 1830 lsaias⁵z
402 1811 415 1828 α
432 1802 628 1830 Revelabitur
638 1802 736 1838 gloria
746 1803 873 1838 Domini,
891 1805 919 1831 et

133 1848 247 1876 videbit
261 1848 357 1875 omnis
377 1856 457 1884 caro,
479 1849 563 1885 quod
587 1858 620 1877 os
646 1849 762 1877 Domini
783 1850 918 1878 locutum

133 1896 184 1922 est.
201 1904 214 1920 »
232 1894 390 1930 Fugiamus
412 1903 483 1931 ergo
506 1896 636 1931 gloriam
656 1897 864 1933 temporalem,
891 1900 919 1925 et

133 1941 340 1977 amplexemur
353 1950 433 1970 nunc
453 1942 584 1978 gloriam
598 1943 792 1979 spiritualem,
810 1946 843 1972 ut
856 1946 919 1972 tan-

133 1987 204 2016 dem
224 1989 380 2017 veniamus
401 1990 440 2017 ad
465 1990 594 2025 gloriam
616 1991 796 2019 aeternalem.
823 1992 917 2026 Quam

133 2035 278 2064 concedat
290 2035 353 2071 ipse
368 2036 470 2072 nobis,
485 2039 539 2065 etc.

429 2116 559 2146 SERMO
583 2117 620 2146 ΙΙ.

169 2178 263 2206 Gloria
271 2180 296 2205 et
303 2179 398 2206 honore
408 2180 543 2206 coronasti
551 2179 763 2214 eum,1)omz·ne⁶.
774 2180 917 2208 scribitur

134 2224 231 2260 primo
237 2226 364 2260 Requm7,
372 2226 455 2262 quod
466 2226 607 2253 Dominus
614 2226 687 2254 dixit
696 2227 735 2254 ad
743 2227 814 2264 Hely
820 2236 915 2256 sacer-

134 2271 236 2299 dotem
248 2281 254 2299 :
271 2273 381 2306 «Quare
391 2273 486 2308 magis
494 2273 645 2302 honorasti
653 2274 731 2302 filios
737 2276 814 2309 tuos,
824 2283 916 2311 quam

133 2320 202 2347 me‘?
216 2320 343 2347 Locutus
357 2328 423 2347 sum
434 2320 524 2355 enim,
536 2322 568 2348 ut
579 2321 687 2349 domus
700 2324 750 2350 tua
765 2323 914 2351 ministra-

133 2368 177 2394 ret
192 2374 293 2394 coram
310 2374 358 2394 me
372 2374 467 2402 usque
482 2367 513 2394 in
527 2368 756 2404 sempiternum:
773 2377 853 2397 nunc
867 2378 916 2398 au-

135 2416 192 2441 tem
211 2413 286 2442 absit
302 2414 360 2441 hoc
375 2422 393 2441 a
408 2421 455 2441 me
472 2423 478 2441 :
495 2415 547 2442 sed
569 2415 750 2452 quicumque
767 2417 915 2452 glorifica-

136 2461 210 2488 verit
224 2468 284 2495 me,
298 2460 475 2495 glorificabo
492 2469 578 2494 eum;
595 2462 647 2498 qui
664 2464 763 2490 autem
783 2472 831 2491 me
847 2472 916 2492 con-

135 2508 288 2542 temnunt,
310 2508 459 2543 ignobiles
483 2510 578 2536 erunt.
595 2520 607 2533 »
634 2509 707 2543 Quia
729 2510 776 2537 hic
798 2513 916 2539 sanctus

135 2556 253 2590 Martyr,
282 2555 482 2591 quoadusque
507 2555 591 2590 vixit,
619 2557 710 2584 Deum
738 2557 898 2586 honoravit
906 2569 914 2594 3

137 2600 206 2629 ideo
219 2601 302 2636 juxta
317 2602 401 2638 quod
415 2602 557 2631 Dominus
570 2602 642 2639 Hely
655 2604 801 2640 promisit,
816 2605 916 2641 ipsum

169 2664 264 2688 1Psal.
281 2670 339 2695 xw,
362 2666 398 2689 15.
411 2678 441 2683 —
461 2666 468 2679 ²
485 2666 503 2689 11
521 2665 587 2697 Req..
603 2672 666 2697 x111,
683 2669 705 2690 2.
723 2680 751 2685 —
766 2668 774 2681 ³
796 2668 826 2692 111
847 2669 915 2699 Κεφ,

138 2705 193 2729 xxi,
210 2700 393 2731 5.—·⁸1{01n.,
409 2702 517 2731 v111,18.
536 2715 566 2720 —
581 2702 590 2718 ὓ
605 2702 663 2731 Isca,
680 2708 722 2733 xL,
739 2705 762 2726 5.
779 2716 808 2720 -—-
822 2704 831 2720 θ
845 2704 913 2730 Psal,

976 292 1052 319 Deus
1067 291 1234 327 gloriosum
1249 291 1354 320 effecit.
1371 293 1427 327 Qui
1441 300 1578 330 unquam
1597 300 1692 329 reges,
1709 293 1762 330 qui

975 338 1137 375 principes,
1153 339 1205 376 qui
1220 339 1361 375 barones,
1377 342 1427 368 aut
1441 340 1570 375 nobiles,
1584 341 1626 369 sic
1641 348 1658 369 a
1673 349 1762 370 mun-

977 385 1017 413 do
1036 385 1234 423 honorantur,
1252 389 1284 415 ut
1297 388 1448 424 Martyres,
1473 387 1535 416 imo
1559 389 1591 416 ut
1601 389 1760 425 Martyrum

976 433 1082 461 crura?
1096 434 1188 469 Major
1202 434 1292 471 longe
1305 435 1405 463 honor
1426 435 1583 463 exhibetur
1599 435 1760 472 Stephano,

975 480 1037 508 sive
1052 481 1221 516 Laurentio,
1236 490 1329 518 quam
1342 482 1523 517 Alexandro,
1538 483 1601 510 sive
1613 484 1760 519 Apostatae

975 527 1103 556 Juliano.
1130 529 1207 556 Bene
1230 537 1302 564 ergo
1330 529 1444 558 dictum
1463 531 1528 558 est:
1552 531 1646 558 Gloria
1670 533 1694 558 et
1716 531 1763 558 Ιιο-

975 583 1048 610 nore,
1073 577 1128 603 etc.
1151 575 1218 604 Tria
1240 576 1368 605 verbum
1390 577 1566 614 praedictum
1591 577 1764 606 notabiliter

975 622 1060 658 ponit
1076 631 1083 650 ε
1100 622 1172 658 qula
1185 624 1260 650 Deus
1280 625 1435 660 Martyrem
1455 624 1641 660 glorificavit,
1666 633 1764 661 quan-

976 671 1040 697 tum
1054 669 1093 698 ad
1105 670 1234 706 seipsum
1245 679 1253 705 ;
1269 670 1439 706 honoravit,
1451 673 1598 708 quantum
1608 671 1648 700 ad
1658 672 1760 709 proxi-

976 725 1078 753 mum3
1095 717 1148 745 sed
1167 718 1342 752 coronavit,
1362 720 1509 754 quantum
1527 719 1567 747 ad
1588 719 1762 755 praemium,

976 764 1038 792 sive
1053 772 1191 800 regnum.
1207 765 1288 792 Unde
1309 765 1442 801 primum
1462 765 1582 802 respicit
1603 767 1762 803 proprium
1789 801 1794 806 ,

975 811 1092 840 bonum
1110 812 1232 840 interius
1240 821 1248 847 ;
1273 812 1450 847 secundum,
1474 813 1606 849 proximi
1626 813 1761 842 devotio-

975 866 1045 886 nem
1060 859 1188 887 exterius
1199 869 1207 894 ,-
1224 860 1352 894 tertium,
1363 859 1465 895 gloriae
1479 860 1596 888 bonum
1610 861 1760 897 superius.

975 907 1097 934 Notatur
1110 914 1182 942 ergo
1197 907 1296 943 primo
1316 907 1433 935 bonum
1451 908 1585 942 interius,
1603 916 1664 945 quo
1679 908 1763 936 fulsit

975 953 1007 981 in
1021 953 1133 988 animo,
1150 962 1219 982 cum
1235 954 1342 982 dicitur
1359 964 1366 982 :
1384 955 1488 983 Gloria.
1504 957 1578 983 Nam
1588 956 1599 973 ⁵³
1616 965 1622 984 :
1638 956 1762 985 «Gloria

975 1002 1078 1028 nostra
1104 1001 1165 1028 haec
1194 1002 1251 1035 est,
1276 1001 1478 1030 testimonium
1500 1003 1686 1031 conscientiae
1709 1011 1761 1031 no-

976 1048 1052 1075 strae.
1069 1057 1082 1074 »
1100 1049 1222 1076 Notatur
1241 1049 1373 1077 secundo
1393 1049 1510 1077 bonum
1533 1050 1676 1085 exterius,
1699 1059 1760 1087 quo

974 1095 1155 1122 venerabilis
1174 1095 1267 1123 factus
1287 1098 1329 1123 est
1346 1096 1503 1132 proximo,
1521 1105 1589 1125 cum
1615 1097 1735 1126 additur
1752 1108 1759 1126 .-

974 1142 1010 1168 Et
1026 1142 1133 1169 honore.
1148 1144 1270 1178 Magnus
1284 1143 1391 1178 honor,
1410 1144 1533 1180 quando
1550 1146 1610 1173 tota
1633 1145 1761 1174 Ecclesia

974 1188 1073 1224 ipsum
1095 1189 1209 1217 extollit
1231 1190 1388 1224 laudibus,
1411 1192 1439 1218 et
1463 1191 1568 1219 officiis
1593 1194 1759 1220 veneratur.

974 1237 1095 1263 Notatur
1109 1236 1195 1264 tertio
1210 1236 1327 1265 bonum
1343 1237 1493 1274 superius,
1510 1246 1571 1274 quo
1586 1239 1698 1274 incedit
1710 1248 1761 1267 co-

974 1284 1098 1310 ronatus
1125 1283 1156 1310 in
1185 1291 1295 1318 regno,
1325 1292 1393 1312 cum
1421 1285 1559 1313 subditur
1585 1294 1591 1313 :
1620 1286 1763 1314 Ooronastz‘

975 1339 1044 1358 eum.
1059 1333 1168 1358 Verum
1181 1331 1253 1367 quia
1263 1331 1301 1359 de
1317 1331 1413 1367 gloria
1422 1332 1453 1359 in
1464 1333 1610 1369 superiori
1623 1342 1761 1362 sermone

975 1378 1231 1406 abundantissime
1249 1378 1363 1407 dictum
1378 1381 1430 1414 est,
1447 1381 1474 1407 et
1488 1380 1586 1408 honor
1600 1381 1761 1409 sanctitatis

974 1427 1079 1461 patens
1094 1428 1136 1454 est
1149 1426 1299 1461 omnibus,
1315 1427 1397 1463 quia,
1409 1428 1484 1455 sicut
1499 1428 1606 1456 dicitur
1621 1430 1716 1457 Hester
1726 1430 1736 1445 ⁹
1752 1439 1758 1458 :

978 1483 991 1499 «
1011 1473 1056 1501 Sic
1077 1473 1290 1509 honorabitur,
1314 1483 1535 1511 quemcumque
1557 1484 1608 1503 rex
1633 1476 1761 1504 voluerit

973 1521 1123 1548 honorare
1141 1529 1147 1548 :
1164 1532 1175 1547 »
1197 1529 1277 1548 nunc
1293 1521 1330 1549 de
1353 1521 1417 1549 sola
1441 1523 1634 1550 coronatione
1657 1523 1760 1551 dicen-

974 1567 1048 1594 dum
1065 1569 1117 1600 est,
1135 1576 1201 1604 quae
1213 1568 1290 1596 intra
1302 1576 1333 1595 se
1348 1568 1495 1596 honorem
1511 1570 1539 1596 et
1553 1569 1682 1604 gloriam
1692 1579 1761 1598 con-

974 1614 1061 1650 tinet,
1078 1617 1110 1642 ut
1131 1623 1259 1650 sequens
1274 1623 1432 1651 processus
1456 1616 1594 1644 ostendit.
1618 1618 1665 1645 Est
1688 1625 1760 1653 ergo

973 1662 1154 1697 notandum,
1170 1662 1254 1698 quod
1268 1662 1348 1690 hunc
1371 1664 1527 1699 Martyrem
1547 1664 1689 1692 Dominus
1708 1673 1760 1692 co-

972 1709 1091 1737 ronavit
1102 1709 1150 1737 hic
1164 1710 1273 1745 primo,
1290 1710 1389 1745 ipsum
1409 1710 1585 1739 aeternaliter
1601 1711 1741 1747 eligendo
1750 1723 1758 1746 3

973 1756 1117 1790 secundo,
1132 1757 1231 1792 ipsun]
1244 1757 1441 1793 personaliter
1455 1757 1633 1786 redimendo
1640 1768 1648 1793 3
1662 1759 1758 1793 tertio,

972 1803 1072 1839 ipsum
1086 1803 1200 1832 fortiter
1211 1804 1420 1838 defendend03
1437 1807 1556 1840 quarto,
1572 1805 1671 1841 ipsum
1685 1806 1760 1834 fide-

972 1849 1038 1878 liter
1053 1851 1304 1879 consummando.
1327 1851 1458 1879 Primum
1472 1851 1526 1879 fuit
1540 1860 1615 1888 opus
1631 1852 1758 1881 immen-

973 1897 1095 1925 sissimae
1108 1898 1265 1933 bonitatis3
1280 1898 1446 1926 secundum
1461 1897 1515 1926 fuit
1530 1907 1606 1934 opus
1616 1900 1760 1928 ardentis-

973 1944 1054 1972 simae
1068 1944 1216 1972 charitatis
1225 1955 1232 1980 3
1251 1945 1369 1973 tertium
1384 1945 1439 1973 fuit
1453 1953 1529 1981 opus
1544 1945 1692 1974 altissimae
1706 1955 1759 1983 po-

972 1992 1097 2027 testatis3
1114 1993 1255 2028 quartum
1271 1992 1325 2020 fuit
1345 2000 1421 2028 opus
1435 1992 1649 2021 inaestimabilis
1669 1994 1758 2029 largi-

973 2039 1048 2067 tatis.

1009 2087 1075 2114 Dico
1085 2087 1174 2122 igitur
1189 2087 1298 2123 primo,
1316 2087 1399 2123 quod
1417 2088 1492 2115 Deus
1507 2088 1586 2115 hunc
1601 2089 1758 2125 Martyrem

974 2134 1139 2169 coronavit,
1156 2136 1223 2162 ante
1245 2134 1352 2162 saecula
1377 2142 1447 2162 eum
1467 2135 1618 2170 eligendo,
1644 2143 1681 2163 ex
1704 2144 1758 2164 sua

973 2181 1204 2209 immensissima
1219 2181 1360 2209 bonitate.
1378 2182 1450 2215 Quae
1465 2181 1544 2209 enim
1559 2182 1677 2210 bonitas
1692 2191 1757 2211 ma-

969 2229 1017 2264 jor
1040 2228 1201 2263 excogitari
1225 2230 1338 2264 potest,
1362 2237 1454 2264 quam
1476 2229 1648 2263 hominem,
1673 2230 1756 2258 nullo

973 2275 1078 2303 merito
1095 2275 1291 2311 praecedente,
1307 2275 1346 2303 ad
1361 2284 1513 2303 summum
1528 2276 1644 2304 bonum
1664 2277 1755 2313 parti-

973 2322 1136 2358 cipandum
1154 2322 1283 2358 eligere?
1298 2324 1403 2358 Magna
1418 2323 1509 2350 hodie
1531 2323 1649 2351 bonitas
1668 2331 1757 2359 repu-

972 2372 1059 2404 tatur,
1075 2369 1098 2396 si
1113 2369 1221 2406 aliquis
1237 2369 1377 2397 dominus
1397 2370 1532 2398 retribuit
1549 2378 1604 2406 pro
1625 2371 1755 2405 meritis,

973 2419 1000 2444 et
1014 2416 1054 2444 sic
1068 2418 1238 2444 remunerat
1253 2425 1333 2451 eum,
1349 2417 1401 2453 qui
1416 2417 1532 2444 meruit.
1550 2419 1625 2452 Ergo
1643 2420 1756 2453 quanta

973 2465 1015 2490 est
1030 2463 1148 2491 bonitas
1168 2463 1230 2497 ilia,
1247 2472 1313 2499 quae
1336 2463 1449 2499 absque
1465 2463 1532 2491 ullis
1553 2464 1664 2492 meritis
1690 2473 1754 2493 om-

972 2510 1054 2544 nino,
1071 2510 1110 2538 ad
1122 2519 1273 2538 summum
1288 2510 1402 2538 bonum
1416 2511 1564 2539 ordinavit
1578 2511 1731 2539 hominem
1740 2514 1754 2539 ἶ)

972 2557 1053 2585 Unde
1081 2557 1118 2585 de
1143 2557 1199 2585 hac
1223 2557 1415 2586 coronatione
1440 2559 1537 2593 potest
1563 2558 1657 2594 accipi
1678 2559 1753 2586 illud

972 2631 1033 2654 vm,
1053 2627 1076 2649 6.
1097 2638 1127 2643 —-
1147 2626 1180 2649 ⁷1
1203 2626 1271 2656 Κεφ,
1292 2632 1324 2656 11,
1343 2628 1380 2651 30.
1396 2639 1426 2643 -—
1449 2626 1458 2642 Β
1485 2627 1503 2649 11
1530 2626 1599 2657 Corn,
1623 2632 1644 2657 1,
1669 2628 1706 2651 12.
1722 2640 1752 2645 —

973 2663 981 2676 Θ
998 2661 1079 2691 Esth„
1099 2668 1133 2692 νι,
1149 2664 1171 2684 9.

1005 2705 1038 2735 (a)
1055 2704 1115 2728 Coet.
1132 2703 1192 2727 edit.
1208 2704 1290 2728 tertia.
1303 2716 1332 2721 -
1348 2703 1379 2734 (b)
1395 2704 1456 2728 Item
1472 2704 1594 2729 secundo.
