2029 3052
305 193 363 223 358

304 258 463 291 Passionis
484 261 640 293 acerbitas
660 262 705 293 sic
719 262 758 294 de
774 261 843 294 loco
862 271 921 294 suo
935 263 1077 304 propulit

303 314 445 353 oculum,
464 315 550 355 quod
564 325 620 356 per
632 317 702 347 octo
716 316 782 347 dies
794 318 896 354 extra,
911 326 1012 349 nervo
1026 327 1077 349 re-

301 366 419 407 laxato,
436 368 641 408 longitudine
658 369 753 409 digiti
767 370 866 401 unius
878 370 916 401 ad
933 371 1079 403 maxillas

302 420 494 461 dependens,
506 431 586 462 pene
596 422 704 454 aridus
715 424 763 454 est
774 423 914 455 effectus.
930 423 992 455 Sed
1004 434 1078 456 cum

302 474 369 505 sola
391 477 569 515 superesset
590 476 759 515 abscissio,
784 479 816 508 et
836 486 854 508 a
878 478 1079 510 medentibus

302 528 383 559 foret
395 529 521 568 penitus
535 529 731 570 desperatus,
747 532 836 571 pater
850 533 920 572 eJus
935 532 974 562 ad
988 532 1077 563 auxi-

301 581 381 612 lium
397 582 480 613 beati
499 581 660 614 Francisci
675 585 741 615 tota
762 593 795 616 se
815 587 921 616 mente
944 594 1080 616 conver-

301 634 350 666 tit.
377 635 448 666 Non
470 635 570 667 defuit
600 637 652 668 ille
681 637 856 670 indefessus
885 639 1077 670 miserorum

301 687 428 728 adiutor
442 689 588 729 precibus
603 691 819 732 supplicantis.
845 692 925 724 Nam
947 693 1075 724 oculum

301 741 426 773 aridum
443 743 581 775 mirabili
591 745 710 777 virtute
725 746 758 777 in
772 746 878 778 locum
895 756 1002 786 suum,
1015 747 1078 787 pri-

300 795 485 836 stinumque
499 798 648 838 vigorem
662 800 809 838 restituit,
826 802 857 832 et
869 800 949 832 lucis
962 803 1077 841 optatae

300 849 396 880 radiis
407 850 589 883 illustravit.

342 904 379 935 In
393 905 503 937 eadem
519 906 684 946 provincia
697 908 781 948 apud
797 907 953 947 Castrum,
965 910 1077 949 magni

301 960 449 999 ponderis
464 960 592 1000 lignum
614 971 654 993 ex
675 963 737 993 alto
755 963 891 1003 proruit,
917 966 948 995 et
967 965 1077 1004 cujus-

301 1013 375 1045 dam
392 1015 561 1047 sacerdotis
581 1019 675 1057 caput
698 1018 889 1057 gravissime
905 1028 1075 1059 quassanS,

300 1068 465 1100 sinistrum
490 1070 619 1101 oculum
641 1073 823 1102 excaecavit.
842 1071 902 1109 Qui
919 1073 1011 1103 humi
1026 1073 1079 1104 (le-

296 1123 401 1162 Jectus
415 1123 509 1163 coepit
523 1123 587 1154 alta
601 1133 678 1156 voce
703 1127 847 1156 sanctum
871 1125 1076 1157 Franciscnm

300 1176 444 1208 luctuose
459 1177 607 1216 clamare,
628 1179 758 1209 d1cens:
784 1179 960 1218 Succurre,
986 1179 1078 1211 Pater

302 1231 508 1270 sanctissime,
524 1234 560 1262 ut
572 1232 609 1263 ad
625 1233 740 1264 festum
757 1235 849 1264 tuum
866 1234 911 1264 ire
932 1234 1055 1265 valeam
1067 1259 1074 1273 ,

302 1284 381 1315 sicut
406 1285 559 1316 fratribus
583 1287 645 1317 tuis
669 1287 714 1318 ire
737 1287 867 1327 promisi
893 1288 970 1328 (erat
992 1289 1076 1319 enim

302 1337 414 1377 vigilia
434 1339 556 1379 sancti).
582 1340 641 1377 Qui
669 1341 776 1371 statim
797 1350 978 1380 exurgens,
1006 1351 1078 1381 per-

302 1392 421 1431 optime
432 1392 594 1431 liberatus,
610 1394 642 1424 in
654 1403 765 1425 vocem
781 1396 926 1435 prorupit
938 1396 1038 1427 laudis
1049 1398 1079 1426 et

302 1446 425 1485 gaudii,
452 1449 483 1477 et
511 1447 751 1478 circumstantes
777 1457 898 1487 omnes,
930 1450 985 1488 qni
1010 1451 1078 1489 eJ'us

304 1501 441 1531 miseriae
455 1501 674 1539 condolebant,
690 1502 721 1532 in
735 1504 896 1543 stuporem
909 1504 1076 1543 convertit,

303 1555 499 1594 etjubilum.
518 1555 577 1587 lvit
592 1556 631 1587 ad
657 1557 785 1595 festum,
814 1566 948 1588 narrans
973 1558 1077 1589 omni-

303 1608 374 1647 bus,
388 1618 485 1648 qnam
502 1609 534 1640 in
545 1619 577 1640 se
591 1612 740 1650 expertus
753 1611 866 1650 suerat,
878 1611 1078 1643 clementiam

303 1664 334 1693 et
350 1664 513 1694 virtutem.

344 1716 400 1748 Vir
419 1718 549 1758 quidam
570 1719 607 1750 de
630 1720 736 1749 monte
760 1719 920 1759 Gargano,
945 1721 1022 1751 dum
1047 1721 1079 1752 in

304 1771 398 1802 vinca
412 1781 470 1803 sua
493 1772 639 1803 laborans
660 1773 789 1812 lignum
814 1774 972 1813 quoddam
996 1775 1078 1806 scrro

304 1825 488 1864 succideret,
511 1827 676 1866 proprium
701 1828 853 1866 percussit
878 1828 1023 1867 oculum,
1049 1832 1079 1860 et

304 1879 347 1909 sie
362 1880 467 1911 divisit
484 1890 539 1920 per
562 1881 715 1919 medium,
733 1884 769 1912 ut
783 1882 872 1921 quasi
888 1882 990 1913 media
1007 1892 1079 1923 pars

304 1933 403 1973 ipsius
417 1935 557 1965 exterius
572 1935 773 1975 dependeret.
795 1936 938 1976 Cumque
961 1937 992 1967 in
1014 1940 1078 1968 tam

303 1988 468 2028 desperato
483 1989 622 2028 periculo
646 1989 828 2029 desperaret
842 1990 900 2020 sibi
917 2000 1006 2030 posse
1024 2001 1078 2031 pcr

304 2042 466 2073 bominem
484 2043 891 2083 subveniri,jejunaturum
908 2054 940 2075 se
957 2045 987 2074 in
1000 2046 1078 2077 svs-to

304 2097 401 2127 sancti
418 2097 585 2135 Francisri,
603 2097 628 2127 si
650 2097 676 2127 ei
693 2099 902 2135 succurreret,
930 2100 1078 2138 repromi-

303 2151 352 2181 sit.
374 2151 488 2182 Stutim
504 2151 536 2181 in
553 2151 620 2181 loco
633 2151 737 2181 debito
750 2151 810 2181 viri
835 2153 963 2182 oculum
987 2162 1076 2184 sanc-

304 2206 353 2235 tus
370 2205 421 2235 Dei
439 2205 585 2243 restituit,
602 2205 707 2245 sicque
723 2205 862 2236 divisum
877 2207 1029 2245 rejunxit,
1047 2213 1077 2239 ct

302 2259 422 2290 lumine
440 2260 572 2299 pristino
592 2260 764 2298 ‹let-oravit,
783 2262 816 2290 ut
833 2260 952 2290 nullius
973 2261 1075 2292 laesio-

302 2313 351 2343 nis
367 2313 502 2352 vestigia
516 2315 727 2343 remanerent.

341 2367 438 2398 Filius
465 2367 631 2406 cujusdam
657 2367 772 2397 nobilis
791 2367 851 2397 viri
873 2377 890 2398 a
910 2369 1074 2400 milvii-ule

299 2430 414 2459 caecus,
441 2421 562 2452 meritis
583 2421 680 2451 sancti
707 2421 863 2451 Francisci
889 2421 998 2452 lumen
1021 2432 1071 2453 ac-

299 2475 545 2514 cepitoptatum.
567 2474 626 2511 Qui
645 2484 762 2504 nomen
783 2475 822 2504 ab
840 2478 955 2506 eventu
979 2477 1071 2506 sorli-

299 2530 361 2566 tns,
380 2528 579 2558 illuminatus
601 2530 732 2559 vocatus
747 2531 802 2558 cst.
821 2529 999 2569 Assunipsit
1014 2539 1069 2570 po-

297 2583 373 2619 stca,
403 2591 475 2611 cum
506 2581 537 2610 in
564 2583 656 2611 (elate
686 2583 781 2618 esset,
812 2582 960 2612 Ordinem
990 2583 1069 2613 beati

297 2635 469 2673 Francisei,
495 2635 611 2674 accepti
640 2635 782 2665 beneficii
811 2645 873 2665 non
903 2636 1047 2675 ingratus
1060 2661 1067 2675 ,

297 2689 630 2729 tanitt1111qu‹›[p1·0fec'1t
646 2689 678 2718 in
694 2689 814 2719 lumine
831 2691 943 2727 gratiae
958 2694 984 2721 et
1004 2692 1067 2723 vir-

865 195 1052 228 LEGENDA
1073 196 1105 229 S.
1128 197 1345 231 FRANCISCI.

1133 265 1221 304 tutis,
1235 268 1272 298 ut
1282 275 1368 299 verae
1377 268 1459 300 lucis
1468 269 1554 302 filius
1562 271 1736 305 videretur.
1751 274 1905 315 Tandem,

1133 318 1216 350 beati
1232 319 1334 351 Patris
1345 324 1602 361 promerentibus
1616 326 1750 367 meritis,
1763 331 1907 361 sanctum

1133 371 1262 404 initium
1277 374 1340 406 tine
1356 377 1506 408 sanctiori
1521 379 1685 411 conclusit.

1174 426 1210 456 In
1224 426 1391 467 Zachanto,
1408 431 1493 470 quod
1507 433 1553 463 est
1567 434 1707 464 castrum
1718 435 1815 474 juxta
1827 435 1909 467 Ana-

1133 480 1231 520 niam,
1249 481 1340 512 miles
1354 484 1496 523 quidam,
1509 485 1660 518 Girardus
1675 488 1816 528 nomine,
1832 498 1908 521 ocu-

1133 532 1238 565 lorum
1265 534 1376 566 lumen
1405 546 1447 568 ex
1470 540 1536 570 toto
1564 540 1754 580 perdiderat.
1789 542 1911 575 Accidit

1132 588 1262 626 autem,
1287 590 1326 619 ut
1349 589 1412 621 duo
1433 591 1545 623 fratres
1563 592 1712 634 Minores,
1730 596 1770 626 ab
1791 598 1910 629 exteris

1133 641 1277 680 partibus
1292 643 1466 684 venientes,
1483 646 1520 677 ad
1536 647 1669 679 domum
1684 649 1783 690 ipsius
1797 651 1908 692 hospi-

1132 695 1230 726 taturi
1256 696 1460 730 diverterent.
1493 700 1635 742 Suscepti
1661 703 1768 744 itaque
1796 705 1909 738 devote

1132 751 1262 789 propter
1280 752 1492 784 reverentiam
1515 755 1615 786 sancti
1637 755 1798 789 Francisci
1818 768 1837 790 a
1857 759 1908 791 sa-

1133 802 1221 834 milia
1235 805 1311 842 tota,
1326 806 1357 835 et
1367 814 1440 837 cum
1455 808 1545 838 omni
1556 808 1756 849 benignitate
1771 813 1905 852 tractati,

1133 857 1255 896 gratias
1277 861 1410 898 agentes
1435 860 1506 900 Deo,
1533 864 1564 892 et
1586 862 1713 904 hospiti,
1737 865 1777 896 ad
1800 865 1908 898 locum

1132 910 1281 942 Fratrum
1315 912 1471 945 devenere
1498 915 1653 948 vicinum.
1683 918 1779 950 Nocte
1806 919 1909 960 igitur

1132 964 1270 1004 quadam
1285 965 1398 997 beatus
1421 966 1606 1001 Franciscus
1620 971 1678 1002 uni
1691 971 1828 1004 fratrum
1843 973 1909 1005 illo-

1132 1026 1206 1048 rum
1222 1017 1253 1048 in
1268 1019 1388 1050 somnis
1402 1022 1560 1061 apparuit,
1577 1023 1683 1055 dicens
1698 1036 1705 1056 z
1723 1025 1844 1066 Surge,
1861 1028 1909 1059 se-

1131 1071 1213 1101 stina
1235 1081 1309 1102 cum
1324 1073 1408 1105 socio
1427 1075 1466 1106 ad
1492 1076 1624 1108 domum
1639 1079 1772 1120 hospitis
1787 1082 1906 1122 nostri,

1133 1125 1188 1164 qui
1205 1125 1365 1158 Christum
1381 1131 1411 1159 et
1426 1138 1477 1160 me
1489 1132 1626 1172 suscepit
1647 1132 1681 1163 in
1702 1134 1805 1165 vobis.
1830 1135 1908 1168 Volo

1133 1179 1219 1210 enim
1248 1180 1400 1212 beneficia
1431 1184 1603 1224 rependere
1635 1186 1770 1226 pietatis.
1801 1189 1909 1221 Caecus

1133 1233 1262 1273 quidem
1277 1234 1407 1266 effectus
1417 1240 1474 1275 est,
1498 1239 1566 1268 suis
1576 1242 1830 1279 promerentibus
1840 1243 1910 1274 cul-

1134 1287 1198 1327 pis,
1222 1297 1300 1328 quas
1321 1290 1528 1329 poenitentiali
1549 1301 1615 1324 non
1638 1295 1761 1326 studuit
1784 1297 1904 1328 conses-

1133 1341 1221 1372 sione
1251 1351 1402 1382 purgare.
1432 1344 1614 1385 Disparente
1637 1356 1766 1388 quoque
1794 1353 1884 1389 patre
1896 1374 1906 1389 ,

1134 1396 1230 1427 frater
1245 1397 1377 1428 t'estinus
1393 1399 1542 1437 surrexit,
1565 1402 1601 1430 ut
1625 1402 1811 1434 mandatum
1834 1413 1908 1436 cum

1134 1450 1218 1481 socio
1242 1451 1384 1482 celeriter
1402 1453 1598 1493 adimpleret.
1623 1454 1854 1498 Venientesque
1870 1460 1909 1491 ad

1135 1504 1269 1544 hospitis
1284 1505 1428 1544 domuin,
1445 1510 1569 1546 cuncta,
1586 1518 1658 1548 quae
1681 1509 1804 1541 viderat
1818 1511 1907 1552 alter,

1136 1568 1191 1598 per
1205 1559 1348 1589 ordinem
1366 1564 1576 1592 narraverunt
1588 1562 1702 1594 eidem.
1718 1564 1845 1605 Stupuit
1860 1566 1910 1598 vir

1134 1612 1186 1643 ille
1202 1623 1266 1643 non
1282 1615 1452 1655 modicum,
1467 1618 1498 1646 et
1512 1616 1670 1655 universa,
1681 1627 1753 1658 quae
1768 1619 1910 1652 diceban-

1134 1669 1198 1705 tur,
1216 1677 1292 1698 vera
1308 1678 1376 1699 esse
1399 1670 1611 1709 confirmans,
1639 1675 1847 1712 compunctus
1871 1675 1910 1705 ad

1134 1721 1302 1762 lacrymas,
1319 1723 1479 1753 consessus
1494 1727 1540 1755 est
1555 1724 1666 1756 libenS.
1684 1725 1824 1758 Tandem
1839 1738 1908 1759 cor-

1135 1775 1274 1806 rectione
1295 1777 1462 1816 promissa,
1480 1777 1686 1819 interiorique
1708 1779 1838 1813 homine
1860 1785 1907 1813 ta-

1134 1828 1205 1859 liter
1221 1830 1260 1868 (a)
1278 1833 1440 1869 renovato,
1456 1832 1647 1863 exteriorem
1658 1834 1808 1865 continuo
1821 1844 1909 1867 recu-

1134 1883 1257 1923 peravit
1273 1886 1445 1924 aspectum.
1469 1884 1572 1930 Huj-us
1587 1886 1731 1917 miraculi
1747 1888 1831 1919 sama
1846 1889 1907 1920 cir-

1134 1946 1336 1977 cumquaque
1351 1938 1476 1977 diffusa,
1493 1948 1558 1969 non
1573 1939 1676 1970 solum
1693 1941 1733 1972 ad
1753 1951 1907 1974 reveren-

1135 1991 1208 2021 tiam
1233 1992 1342 2030 sancti,
1367 2001 1478 2023 rerum
1504 1993 1597 2024 etiam
1620 1994 1659 2024 ad
1681 1996 1908 2028 consessionem

1135 2044 1290 2075 humilem
1315 2047 1516 2085 peccatorum
1537 2049 1567 2077 et
1591 2047 1810 2087 hospitalitatis
1831 2059 1907 2089 gra-

1134 2099 1210 2130 tiam
1227 2099 1380 2139 plurimos
1392 2099 1546 2130 incitavit.

1231 2196 1266 2220 De
1286 2194 1409 2221 libe-ratis
1429 2202 1445 2221 a
1464 2194 1577 2222 diversis
1595 2196 1810 2230 infirmitatibus.

1173 2261 1265 2302 Apud
1294 2262 1435 2292 (lasti-um
1465 2262 1587 2301 Plebis,
1614 2263 1744 2302 juvenis
1773 2264 1904 2304 quidam

1133 2316 1297 2346 mendicus
1312 2315 1428 2346 surdus
1454 2318 1521 2346 erat
1536 2318 1566 2346 et
1582 2319 1688 2347 mutus
1707 2326 1725 2347 a
1741 2318 1903 2349 nativitate

1131 2379 1199 2407 sua,
1217 2370 1270 2409 qni
1295 2369 1441 2407 lingnam
1466 2369 1543 2400 adeo
1566 2373 1687 2400 curtam
1709 2370 1846 2401 habebat
1867 2380 1902 2402 ac

1130 2425 1269 2461 tenuem,
1292 2423 1377 2463 quod
1401 2423 1582 2453 multotiens
1597 2423 1752 2463 exquisita
1767 2432 1785 2453 a
1801 2423 1900 2463 pluri-

1129 2477 1198 2514 bus,
1214 2476 1346 2516 praecisa
1362 2476 1488 2516 peintus
1505 2476 1673 2507 videretur.
1691 2476 1745 2507 Vir
1757 2477 1899 2517 quidam,

1128 2531 1252 2561 Murcus
1274 2530 1418 2567 nomine,
1442 2530 1546 2569 ipsum
1570 2532 1697 2569 propter
1717 2529 1815 2560 Deum
1844 2541 1897 2562 su-

1127 2585 1221 2624 scepit
1237 2584 1372 2624 hospitio
1386 2593 1393 2614 :
1412 2584 1467 2623 qui
1483 2592 1556 2614 cum
1567 2583 1625 2613 sibi
1637 2583 1817 2616 benefacere
1831 2595 1899 2617 sen-

1126 2638 1218 2677 tiens,
1244 2638 1336 2678 coepit
1360 2647 1434 2669 cum
1458 2637 1527 2677 ipso
1553 2637 1698 2667 assiduus
1723 2637 1894 2672 demorari.

1157 2703 1189 2731 (11)
1206 2701 1260 2731 [κῃ.
1280 2700 1396 2724 totaliter.
