2029 3052
325 337 395 378 An
426 339 713 380 Mlle'rRos
747 339 1151 382 PROViNclALEs
1185 343 1253 382 ET
1286 343 1567 386 cusTonEs

755 447 1140 513 EPISTOLA

553 582 598 611 DE
617 582 863 613 REFORMANDIS
883 583 1075 614 FRATRIBUS
1093 585 1147 615 SUI
1167 586 1305 616 ORDINIS
1321 589 1330 606 ¹

766 847 792 882 A
802 844 861 883 RG
870 844 969 883 UME
979 844 1005 883 N
1014 845 1039 883 T
1049 846 1074 883 U
1083 846 1115 884 M

812 926 867 963 (Εω
880 927 948 955 eda.
962 928 1068 963 Vane.)

173 1007 243 1041 Hac
259 1007 405 1054 Epistola
421 1019 535 1043 causas
549 1009 697 1055 exponit,
714 1010 756 1044 ob
770 1022 854 1056 quas
873 1011 1043 1046 Minorum
1063 1011 1152 1046 Ordo
1167 1023 1227 1046 suo
1242 1015 1390 1058 tempore
1411 1012 1590 1047 deformari
1608 1013 1742 1048 videba-

128 1069 195 1100 tur.
218 1066 330 1101 Monet
346 1067 474 1111 itidem,
491 1080 528 1102 ac
543 1068 690 1114 praecipit
704 1069 973 1104 Provincialibus
986 1070 1158 1114 Ministris,
1175 1075 1207 1105 et
1221 1071 1432 1114 Custodihus,
1455 1075 1492 1105 ut
1505 1071 1546 1106 iis
1561 1072 1668 1106 causis
1686 1083 1746 1118 per

128 1126 255 1170 regulae
269 1126 514 1162 observantiam
528 1131 717 1172 occurrant,
735 1140 850 1174 poenas
863 1129 944 1173 illis,
960 1130 988 1164 si
1003 1141 1095 1164 secus
1106 1129 1254 1173 fecerint,
1269 1130 1515 1164 comminando.

167 1364 203 1396 In
218 1363 342 1396 Christo
362 1363 423 1395 sibi
444 1362 640 1394 charissimis
662 1363 815 1395 Ministris
832 1364 906 1396 Pro-

126 1418 330 1457 vincialibus,
349 1420 380 1450 et
395 1417 585 1449 Custodibus
599 1418 758 1449 universis
769 1443 778 1457 ,
796 1418 905 1450 Frater

126 1473 351 1505 Bonaventura
379 1472 504 1504 Ordinis
527 1473 713 1504 eorumdem
743 1473 904 1505 Generalis

127 1527 280 1565 Minister,
295 1528 326 1557 et
345 1535 467 1565 servus,
486 1526 628 1558 Salutem
643 1528 674 1558 et
687 1536 809 1567 pacem,
828 1536 902 1568 quae

124 1582 281 1622 exuperat
293 1589 421 1612 omnem
437 1589 578 1611 sensum.

164 1635 251 1666 Licet
274 1634 534 1666 insufficientiam
560 1643 666 1666 meam
681 1635 721 1666 ad
736 1635 902 1667 ferendum

124 1698 207 1721 onus
219 1689 402 1729 impositam
415 1697 642 1728 cognoscerem
655 1689 832 1728 manifeste,
844 1699 903 1730 per

123 1743 318 1775 debilitatem
327 1743 479 1783 eorporis,
488 1743 762 1784 imperfectionem
774 1744 899 1784 mentis,

123 1798 391 1838 inexperientiam
413 1797 565 1836 actionis,
595 1799 626 1828 et
649 1798 901 1838 repugnantiam

122 1852 312 1891 voluntatis3
334 1853 410 1892 quia
437 1853 544 1883 tamen
567 1852 686 1883 durum
715 1854 763 1883 est
790 1854 901 1885 contra

122 1907 289 1938 stimulum
313 1906 495 1945 calcitrare,
511 1907 609 1937 tantae
627 1907 900 1946 congregationis,

122 1962 154 1992 et
167 1960 287 1992 summi
307 1959 480 1999 Pontificis,
501 1969 537 1991 ac
556 1969 613 2000 per
627 1960 688 1991 hoc
707 1962 738 1991 et
756 1960 900 1991 altissimi

122 2014 178 2045 Dei
200 2013 359 2046 voluntati
388 2013 591 2054 pertinaciter
617 2014 804 2053 resistendo,
830 2024 898 2046 sar-

122 2068 202 2099 cinae
238 2068 331 2108 gravi
356 2069 388 2098 et
408 2067 499 2108 quasi
524 2067 719 2108 importabili
747 2068 900 2101 humeros

122 2122 276 2162 supposui
283 2121 466 2160 imbecilles,
476 2130 607 2162 sperans
618 2121 656 2152 de
667 2122 717 2162 adj
723 2122 827 2154 utorio
838 2123 900 2155 vir-

122 2176 198 2207 tutis
221 2175 453 2216 Omnipotentis
462 2200 469 2214 ‚
486 2177 518 2206 et
531 2175 695 2207 confidens
708 2176 747 2207 de
761 2177 900 2208 admini-

121 2230 194 2261 culo
216 2232 333 2261 vestrae
352 2230 571 2261 sollicitudinis
593 2230 627 2260 in
647 2230 796 2271 idipsum.
818 2230 899 2262 Nam

121 2284 179 2315 etsi
198 2284 238 2315 sit
253 2284 447 2324 impossibile
462 2284 585 2316 homini
600 2286 899 2326 quantumcumque

120 2338 204 2377 forti,
219 2338 375 2370 industrio
389 2340 420 2370 et
435 2341 576 2380 experto,
591 2341 691 2370 totam
705 2340 784 2370 tanti
794 2340 899 2371 oneris

120 2392 280 2423 sarcinam
305 2392 373 2423 suis
392 2393 537 2424 humeris
554 2393 716 2434 baiulare,
740 2394 767 2425 si
790 2396 898 2426 tamen

120 2445 222 2477 divisa
242 2445 275 2476 in
293 2448 409 2486 partes,
425 2449 456 2477 et
470 2447 614 2478 humeris
628 2447 778 2489 imposita
793 2449 898 2481 diver-

120 2509 230 2531 sorum
251 2500 386 2532 viriliter
410 2510 429 2531 a
447 2501 587 2541 quolibet
611 2502 814 2542 importetur,
831 2512 897 2534 non

119 2555 167 2585 est
189 2556 489 2595 quantumcumque
512 2555 607 2587 debili
633 2557 737 2597 capiti,
763 2557 897 2589 horrore

119 2608 259 2649 quodam
269 2608 316 2639 rei
326 2608 472 2648 insolitae,
482 2609 727 2650 desperandum.
739 2611 896 2650 Quoniam

151 2689 159 2705 ¹
178 2689 220 2719 Cf.
243 2690 306 2725 EdiQ
330 2691 473 2722 Argentin„
490 2697 531 2716 an.
554 2693 625 2723 1495,
641 2694 684 2724 21,
706 2700 772 2724 pars.
793 2699 818 2724 13
835 2693 895 2718 edit.

120 2724 213 2756 Vatie„
229 2731 270 2750 an.
290 2727 359 2758 1596,
378 2729 441 2751 tom.
458 2728 512 2759 Vll,
532 2734 590 2759 pars
611 2734 645 2759 ιν,
667 2730 726 2759 4673
743 2729 802 2754 edit.
819 2730 894 2761 Ven.,

960 1365 1064 1405 igitur
1076 1365 1116 1397 de
1135 1367 1243 1398 vestra
1263 1373 1425 1406 praesumo
1448 1365 1618 1405 industria,
1636 1367 1747 1399 sollici-

961 1419 1071 1451 tudine
1084 1421 1115 1450 et
1129 1420 1187 1451 zeli
1201 1420 1382 1459 vivacitate,
1405 1421 1491 1460 quod
1514 1422 1654 1462 prompti
1677 1422 1747 1453 sitis

961 1474 1000 1505 ad
1015 1474 1205 1514 extirpanda
1218 1473 1321 1513 mala,
1338 1475 1556 1514 promovenda
1579 1475 1674 1514 bona,
1700 1485 1747 1508 re-

959 1528 1097 1560 fovenda
1118 1528 1245 1567 debilia,
1275 1530 1305 1559 et
1326 1528 1420 1559 fortia
1445 1530 1676 1569 conservanda,
1693 1530 1743 1561 vi-

960 1582 1039 1613 dens
1057 1592 1110 1614 me
1132 1583 1367 1623 speculatorem
1382 1583 1493 1614 datum
1513 1583 1623 1615 domui
1638 1584 1744 1623 lsrael,

959 1645 1000 1667 ne
1033 1636 1168 1676 sanguis
1203 1637 1384 1668 animarum
1413 1637 1452 1668 de
1482 1638 1630 1669 manibus
1666 1639 1746 1670 meis

958 1690 1141 1731 requiratur
1162 1714 1170 1728 ‚
1198 1691 1339 1731 cogitavi
1370 1691 1519 1731 quaedam
1551 1691 1643 1723 vobis
1671 1692 1743 1724 bre-

957 1744 1041 1776 viter
1065 1744 1221 1783 scribere,
1246 1754 1321 1785 quae
1338 1745 1436 1776 verbo
1455 1747 1563 1784 tenus,
1584 1746 1612 1777 si
1636 1746 1669 1777 in
1692 1756 1743 1778 ca-

957 1798 1060 1839 pitulo
1086 1799 1229 1838 generali
1253 1799 1402 1839 fuissem,
1430 1799 1584 1831 libentius
1608 1800 1743 1832 enodas-

957 1861 1035 1884 sem.
1064 1852 1155 1883 Nunc
1190 1854 1298 1884 antem
1334 1853 1409 1893 quia
1443 1854 1584 1894 pericula
1617 1856 1741 1895 tempo-

957 1915 1031 1937 rum
1053 1908 1187 1945 urgent,
1221 1910 1252 1937 et
1277 1906 1423 1938 laesiones
1453 1908 1739 1948 conscientiarum,

956 1969 1081 1991 necnon
1109 1962 1140 1991 et
1161 1961 1309 1992 scandala
1332 1962 1592 2002 mundanorum,
1622 1964 1740 2004 quibus

956 2023 1031 2045 cum
1062 2014 1140 2045 ordo
1175 2015 1304 2046 deberet
1342 2025 1410 2047 esse
1439 2017 1615 2048 sanctitatis
1642 2018 1738 2049 totius

956 2068 1122 2109 speculum
1141 2092 1149 2106 ‚
1179 2069 1214 2099 in
1242 2069 1378 2101 diversis
1411 2071 1497 2102 orbis
1526 2071 1669 2111 partibus
1703 2072 1738 2104 in

956 2122 1088 2153 taedium
1124 2122 1286 2162 vertitur,
1319 2125 1350 2154 et
1383 2126 1602 2165 contemptum
1630 2137 1636 2156 :
1663 2135 1736 2166 quae

955 2175 1036 2206 mihi
1050 2176 1088 2207 de
1103 2176 1234 2207 consilio
1256 2177 1466 2209 discretorum
1489 2179 1557 2210 visa
1577 2181 1651 2210 sunt
1665 2189 1734 2211 cor-

954 2230 1111 2270 rigenda,
1136 2239 1194 2261 nec
1225 2231 1351 2271 penitus
1375 2234 1499 2272 tacens,
1522 2242 1580 2264 nec
1603 2234 1735 2266 omnino

955 2285 1156 2324 exprimens,
1171 2294 1229 2316 nec
1244 2294 1329 2317 nova
1347 2287 1508 2325 statuens,
1525 2296 1584 2318 nec
1605 2288 1735 2319 vincula

940 2338 1225 2379 superinducens,
1250 2348 1309 2370 nec
1333 2348 1432 2371 onera
1458 2341 1572 2380 gravia
1594 2341 1734 2381 alligans

954 2393 1042 2431 aliis,
1059 2395 1089 2423 et
1106 2393 1274 2433 imponens
1288 2403 1294 2430 3
1311 2393 1365 2424 sed
1380 2396 1535 2434 tanquam
1557 2395 1731 2426 annuntia-

953 2449 1002 2478 tor
1026 2446 1180 2485 veritatis,
1208 2446 1346 2478 breviter
1371 2447 1511 2487 explico,
1542 2448 1654 2480 videns
1679 2448 1733 2480 illa

952 2500 1137 2532 nullatenus
1150 2500 1319 2531 reticenda.
1339 2500 1422 2532 Sane
1438 2502 1637 2542 perquirenti
1653 2503 1731 2534 mihi

953 2563 1074 2594 causaS,
1092 2564 1149 2586 cur
1163 2555 1311 2595 splendor
1325 2555 1427 2586 nostri
1441 2555 1566 2587 Ordinis
1580 2556 1732 2597 quodam-

952 2609 1048 2641 modo
1070 2608 1276 2648 obscuratur,
1299 2608 1382 2641 Ordo
1408 2609 1550 2641 exterius
1575 2610 1728 2649 inficitur,

952 2698 993 2715 an.
1015 2691 1087 2720 1611,
1104 2691 1144 2721 18,
1167 2692 1228 2714 tom.
1248 2690 1270 2720 ¹3
1287 2690 1348 2714 edit.
1369 2690 1444 2721 Ven.,
1466 2697 1510 2715 an.
1529 2692 1600 2722 1754,
1619 2692 1681 2716 tom.
1698 2692 1729 2723 V,

951 2728 1006 2752 768.
