2029 3052
242 231 301 261 534

241 297 480 329 commutamus
513 306 572 338 pro
600 298 662 330 alia
695 308 760 339 qua
800 298 983 339 indigemus
1004 323 1015 338 ‚

241 360 308 383 non
330 351 562 384 interveniente
586 352 731 392 pecunia,
748 354 785 384 ut
811 353 932 384 librum
959 361 1018 393 pro

241 404 335 446 libro,
351 405 458 438 oleum
472 415 531 447 pro
544 415 616 437 cera
629 406 668 437 ad
682 406 866 446 luminaria,
877 407 965 439 etsie
979 407 1017 440 de

241 459 414 497 similibus;
431 461 487 491 aut
512 469 583 491 rem
603 459 692 491 illam
711 460 827 492 damus
848 470 906 502 pro
930 461 1017 493 solu-

240 513 327 545 tione
339 513 530 552 dehitorum,
542 514 700 554 quantum
715 523 766 545 res
778 514 832 546 illa
846 515 931 547 valet
938 527 946 554 ;
961 517 1018 547 aut

240 567 354 599 damus
368 576 440 598 eam
454 567 550 599 alicui
562 569 600 598 ut
615 577 674 599 sua
688 568 739 607 sit,
755 570 787 600 et
801 569 893 600 nobis
906 578 964 610 pro
980 578 1018 601 ea

240 621 280 652 de
294 620 364 651 aliis
379 621 495 661 quibus
513 621 752 661 indiguerimus
764 623 891 654 tantum
906 623 1016 663 acqui-

239 675 300 713 rat,
316 676 476 715 quantum
493 684 543 706 res
562 674 616 706 illa
634 675 782 707 distracta
796 676 927 708 valeret.
944 675 1018 709 Sive

239 729 348 759 autem
361 728 414 759 ille
428 728 485 769 qui
499 729 543 760 sic
557 738 627 760 eam
642 729 754 770 recipit
767 731 874 770 postea
886 731 1016 770 vendat,

240 781 308 814 sive
322 784 462 814 reservet
476 784 513 814 ut
533 792 636 822 suam,
649 783 696 814 nil
709 784 750 815 ad
770 793 840 823 nOS,
857 793 931 815 cum
949 785 1017 825 jam

239 844 305 866 non
319 835 359 867 sit
371 838 491 876 nostra,
508 837 562 868 sed
577 837 693 877 ipsius;
709 839 740 869 et
757 837 802 869 ita
816 847 882 869 non
896 839 1018 870 erimus

239 890 389 930 praecepti
409 890 493 921 illius
514 891 553 922 de
585 899 651 922 non
681 891 861 932 recipienda
884 893 1018 933 pecunia

238 943 503 983 transgressores.
520 945 582 982 Qui
604 945 695 977 aliter
712 946 796 984 facit,
815 947 921 979 videat
936 956 1017 988 quo-

239 996 334 1028 modo
355 997 580 1029 conscientiam
602 999 687 1039 apud
714 999 815 1031 Deum
841 1001 1015 1040 justificet,

239 1052 271 1082 et
285 1051 370 1092 apud
381 1051 530 1083 homines
543 1052 582 1084 de
597 1053 744 1085 scandalo
760 1063 793 1085 se
808 1057 947 1086 excuset.

442 1148 559 1182 Quoestio
579 1148 683 1176 decima
702 1151 810 1185 quarta.

281 1214 364 1246 Olim
377 1224 443 1246 non
458 1216 674 1257 mendicastis,
690 1217 750 1249 nisi
766 1218 870 1250 solum
886 1228 951 1259 quo
966 1220 1016 1251 in-

241 1268 405 1309 diguistis;
422 1279 508 1301 nunc
522 1273 629 1302 autem
643 1281 710 1303 non
725 1272 828 1303 solum
844 1273 949 1313 petitis
962 1283 1019 1314 pro

241 1322 350 1354 futuro
364 1324 506 1364 tempore
521 1326 708 1364 necessaria,
724 1326 777 1357 sed
793 1327 889 1358 etiam
905 1327 943 1358 de
956 1337 1020 1358 uua

242 1377 346 1417 specie
365 1379 454 1408 tanto
480 1378 553 1418 plus
576 1379 757 1420 acquiritis,
781 1382 818 1411 ut
839 1390 941 1411 unum
962 1390 1020 1421 pro

242 1430 304 1462 alio
325 1432 544 1471 commutetis,
563 1434 599 1463 ut
621 1432 728 1464 oleum
748 1443 806 1474 pro
829 1435 944 1474 caseis,
972 1435 1020 1466 vel

243 1484 361 1516 similia
375 1494 434 1525 pro
448 1485 517 1517 aliis
532 1486 565 1516 in
580 1487 666 1518 hunc
680 1487 824 1519 modum.

554 1583 710 1618 Responsio.

284 1647 323 1679 Ut
338 1656 436 1689 supra
449 1649 532 1689 dixi,
549 1650 626 1681 dum
642 1651 733 1692 pauci
750 1661 878 1683 eramus
889 1677 896 1690 ,
913 1653 1022 1692 paucis

243 1703 468 1742 indigebamus
478 1715 485 1742 ;
503 1714 588 1735 nunc
603 1707 710 1736 autem
729 1705 837 1745 plures
853 1706 936 1744 sacti,
953 1707 1022 1747 pln-

243 1757 333 1788 ribus
347 1758 547 1797 indigemus;
565 1761 594 1789 et
610 1759 691 1790 sicut
706 1759 878 1800 aliquando
896 1761 1022 1791 mendi—

244 1820 300 1842 cus
322 1820 379 1852 per
393 1812 511 1852 plateas
527 1813 709 1844 discurrens
727 1814 798 1853 (cui
813 1814 916 1845 solum
931 1815 1024 1854 panis

243 1865 353 1896 aridus
376 1865 451 1896 hinc
473 1865 547 1897 inde
571 1866 675 1904 (latur,
702 1876 798 1907 quem
820 1869 1023 1899 communius

243 1919 362 1950 habent
377 1919 542 1958 homines,
563 1923 594 1951 et
614 1922 755 1961 paratius
773 1932 869 1962 quam
886 1923 964 1954 alios
979 1923 1022 1953 ci-

243 1973 299 2004 bos
310 1973 331 2013 ),
348 1973 401 2004 dat
413 1974 555 2015 aliquam
570 1978 693 2015 partem
707 1977 797 2016 panis
813 1986 870 2017 pro
882 1977 1023 2008 buccella

244 2028 339 2067 casei,
357 2028 408 2059 vel
423 2037 497 2065 ovo,
515 2029 565 2060 vel
582 2039 688 2069 pomo,
707 2039 744 2061 eo
760 2031 845 2071 quod
862 2041 926 2063 non
943 2042 1025 2063 sem—

244 2091 302 2121 per
317 2081 401 2113 valet
415 2082 503 2113 arido
520 2093 600 2123 pane
615 2085 795 2123 sustentari,
813 2095 884 2116 cum
904 2086 944 2117 sit
959 2087 1024 2118 ine-

245 2135 297 2166 dia
310 2136 485 2167 confectus:
505 2137 547 2168 ita
562 2140 592 2168 et
607 2147 679 2176 nOS,
703 2148 777 2169 cum
793 2149 857 2170 uon
876 2140 1024 2171 inveniti-

246 2198 318 2220 mus
339 2190 459 2231 ubique
481 2191 611 2231 singula
633 2193 751 2232 quibus
770 2193 953 2233 indigemus
968 2205 1025 2235 pro

247 2244 437 2275 sufficientia
461 2246 499 2275 ad
522 2247 791 2286 mendicandum,
820 2258 857 2279 eo
881 2250 967 2289 quod
992 2250 1025 2280 in

247 2298 397 2329 omnibus
412 2300 503 2329 terris
517 2309 582 2331 non
597 2301 707 2332 omnia
721 2302 883 2333 abundant
897 2304 1026 2343 aquali-

246 2353 311 2390 ter,
335 2354 365 2383 et
386 2353 533 2383 homines
555 2363 617 2384 non
634 2354 751 2386 habent
771 2357 862 2387 nobis
882 2357 957 2388 dare
974 2358 1026 2389 illa

249 2415 322 2446 quae
336 2415 401 2437 non
412 2407 541 2445 habent,
552 2410 580 2437 et
593 2408 630 2447 (b)
644 2412 765 2448 oportet
777 2420 835 2441 nos
844 2411 882 2442 de
897 2411 1025 2449 talibus,

247 2469 320 2500 quae
337 2460 369 2491 in
384 2461 527 2500 quolibet
542 2461 610 2492 loco
627 2464 731 2502 magis
746 2465 920 2501 abundant,
939 2469 1026 2498 tanto

248 2514 321 2553 plus
335 2516 452 2554 petere3
467 2517 502 2545 ut
513 2524 569 2555 per
585 2516 639 2546 illa
653 2519 684 2547 et
699 2518 759 2548 alia
776 2520 1005 2559 conquiramus
1016 2546 1025 2560 ‚

248 2578 322 2608 quae
343 2569 433 2600 aliter
448 2570 566 2601 ibidem
583 2580 647 2602 non
662 2581 828 2612 possemus
843 2575 960 2606 habere
972 2601 979 2613 ,
997 2579 1027 2607 et

248 2623 366 2663 quilius
388 2624 534 2655 simililer
554 2625 754 2665 indigemus:
779 2631 807 2658 et
830 2629 886 2659 hoe
904 2639 965 2660 non
981 2634 1027 2662 est

249 2677 403 2715 avaritiae,
419 2679 470 2708 sed
486 2679 671 2718 indigentia!
688 2680 923 2720 imputandum.

283 2740 314 2770 (ιι)
331 2740 405 2764 Forte
420 2740 467 2771 [ry.
484 2741 672 2772 ptjvniteiilium.
687 2756 716 2761 -
731 2743 765 2774 (b)
781 2744 832 2767 Del.
849 2748 880 2769 vl.

736 230 926 262 LIBELLUS
947 230 1243 265 APOLOGETICUS
1265 233 1306 264 IN
1330 232 1404 265 EOS

1278 342 1397 376 Quoestio
1416 341 1521 370 decima
1538 343 1648 378 quinta.

1114 407 1283 440 Multitudo
1297 409 1393 440 estin
1407 418 1503 440 causa
1513 433 1521 448 ,
1541 410 1628 450 quod
1643 410 1756 442 multis
1767 410 1853 442 indi-

1073 461 1158 502 getis
1163 473 1172 501 ;
1186 472 1285 503 quare
1299 472 1380 503 ergo
1394 472 1532 503 magnos
1544 465 1721 495 conventus
1737 463 1851 503 facitis,

1073 517 1105 547 et
1117 524 1184 547 non
1199 516 1306 556 potius
1318 517 1404 556 bini,
1419 517 1473 548 vel
1487 517 1646 557 quaterni,
1659 517 1711 550 vel
1726 518 1766 550 ad
1780 518 1853 559 plus

1073 569 1142 601 seni
1160 578 1219 602 vec
1235 570 1339 601 octeni
1355 570 1389 601 in
1410 570 1558 602 domibus
1575 571 1778 612 pauperculis
1792 571 1851 602 ha-

1073 623 1198 662 bitatis,
1214 625 1252 655 ut
1265 624 1421 665 quietius,
1437 626 1469 656 et
1484 624 1520 656 in
1534 625 1649 666 maj0ri
1664 626 1853 666 paupertate

1073 677 1118 709 ibi
1132 677 1294 717 viveretis,
1306 679 1338 709 et
1352 677 1548 717 humilitate,
1565 679 1642 719 quia
1655 679 1852 720 pompositas

1073 731 1223 772 quaedam
1237 731 1364 764 videtur
1377 731 1511 771 gloriari
1528 731 1566 764 de
1581 732 1809 765 multitudine?

1391 827 1548 862 Responsio.

1121 894 1177 925 His
1205 895 1243 926 de
1267 895 1371 926 causis
1396 895 1502 935 magis
1525 895 1691 936 diligimus
1717 906 1852 937 magnos
1866 904 1973 925 eurum-

1867 935 1905 962 gni
1920 941 1972 956 con-

1073 950 1263 988 conventus,
1293 958 1392 989 quam
1416 958 1558 989 parvos:
1586 949 1747 988 videlicet,
1776 951 1852 991 quia
1866 968 1945 988 ,emus
1961 973 1976 988 2

1073 1003 1178 1043 major
1193 1003 1360 1043 disciplina
1374 1004 1477 1043 potest
1496 1003 1542 1033 ibi
1556 1003 1687 1042 servari,
1703 1003 1782 1035 dum
1796 1013 1852 1035 oc-

1867 998 1972 1019 fratribus

1867 1029 1974 1056 recipian-

1074 1057 1200 1097 cupatio
1217 1056 1395 1088 officiorum
1416 1056 1452 1087 in
1471 1056 1578 1097 plures
1599 1057 1703 1089 divisa
1721 1058 1850 1089 ordina·
1868 1061 1913 1082 θυτ-

1074 1111 1139 1142 tius
1162 1113 1193 1143 et
1215 1111 1396 1152 expeditius
1420 1111 1672 1152 administratur,
1695 1114 1726 1143 et
1744 1122 1852 1144 coram

1074 1165 1221 1206 pluribus
1235 1166 1372 1206 quisque
1387 1166 1496 1197 minus
1511 1166 1608 1197 audet
1617 1166 1790 1206 negligens
1799 1169 1856 1199 aut

1074 1219 1212 1251 insolens
1225 1229 1304 1258 esse,
1317 1222 1347 1251 et
1356 1219 1487 1260 quilibet
1497 1219 1687 1251 informatur
1702 1221 1742 1251 ab
1757 1220 1856 1253 altero

1076 1274 1218 1305 moribus
1232 1276 1264 1305 et
1286 1274 1426 1306 scientia.
1444 1274 1482 1305 Et
1504 1283 1545 1305 ex
1559 1274 1609 1305 his
1629 1275 1735 1315 maJor
1753 1277 1857 1315 potest

1075 1338 1141 1360 esse
1156 1329 1300 1366 devotio,
1324 1330 1355 1359 et
1375 1328 1549 1360 ordinatior
1563 1328 1645 1366 vita,
1670 1329 1855 1361 etorficium

1075 1382 1221 1414 divinum
1237 1382 1420 1422 pulchrius,
1442 1385 1473 1414 et
1491 1383 1594 1422 major
1610 1382 1731 1413 cautela
1745 1385 1856 1415 contra

1076 1436 1227 1477 quaelibet
1239 1438 1436 1468 tentamenta
1446 1437 1615 1475 vitiorum,
1627 1438 1658 1467 et
1667 1436 1781 1468 novitii
1791 1446 1856 1468 me-

1076 1490 1138 1521 lius
1153 1491 1195 1521 ibi
1209 1491 1435 1522 informantur.
1451 1490 1529 1522 Item
1539 1514 1547 1529 ,
1571 1490 1647 1531 quia
1661 1491 1765 1531 major
1779 1500 1854 1531 pro-

1077 1545 1163 1576 venit
1186 1545 1306 1576 utilitas
1327 1545 1399 1576 inde
1421 1545 1621 1583 animarum,
1646 1544 1725 1575 dum
1745 1544 1854 1585 plures

1077 1598 1119 1629 ibi
1131 1600 1214 1630 stare
1227 1602 1358 1639 possunt
1372 1599 1565 1630 confessores
1575 1600 1605 1630 et
1618 1598 1855 1638 praedicatores.

1077 1652 1133 1684 Vel
1150 1652 1246 1684 etiam
1266 1654 1367 1693 potest
1390 1653 1433 1683 ibi
1458 1652 1573 1683 melius
1593 1652 1695 1683 teneri
1714 1651 1857 1683 studium

1078 1706 1278 1745 Tlieologiae‚
1305 1707 1337 1736 in
1361 1715 1425 1746 quo
1444 1705 1567 1736 habiles
1588 1707 1797 1736 exerceantur
1818 1705 1858 1737 ad

1078 1760 1289 1791 eruditionem
1314 1759 1461 1790 aliorum.
1488 1759 1522 1789 In
1543 1759 1650 1799 parvis
1674 1761 1782 1790 autem
1802 1760 1857 1791 do-

1079 1814 1196 1851 mibus,
1222 1813 1300 1844 dum
1327 1813 1381 1843 alii
1406 1816 1481 1844 sunt
1506 1813 1538 1843 in
1562 1813 1724 1852 terminis,
1748 1813 1802 1844 alii
1824 1813 1858 1844 in

1079 1867 1155 1898 villa
1170 1876 1227 1907 pro
1242 1866 1455 1907 eleemosyna,
1471 1866 1525 1896 alii
1539 1866 1618 1897 forte
1633 1866 1752 1897 debiles
1765 1868 1796 1898 et
1813 1867 1859 1897 in-

1079 1922 1182 1960 firmi,
1201 1921 1254 1952 alii
1269 1920 1412 1961 occupati
1428 1920 1541 1951 officiis
1555 1920 1587 1951 in
1603 1920 1710 1959 domo,
1727 1930 1785 1952 nec
1798 1921 1860 1952 dis-

1079 1976 1198 2016 ciplina
1212 1975 1395 2014 religionis,
1413 1984 1470 2005 nec
1482 1975 1640 2013 studium,
1660 1984 1718 2006 nec
1732 1975 1859 2007 devotio

1080 2030 1113 2061 in
1128 2029 1247 2061 divinis
1262 2029 1360 2067 valet,
1379 2030 1474 2069 prout
1488 2029 1632 2069 expedit,
1649 2029 1823 2061 observari.

1296 2125 1414 2158 Quoestio
1433 2125 1537 2152 decima
1555 2127 1642 2152 serta.

1122 2194 1200 2225 Cum
1220 2192 1373 2224 videmini
1397 2192 1548 2223 zelatores
1570 2201 1638 2223 esse
1658 2191 1857 2231 animarum,

1081 2250 1111 2279 et
1121 2248 1218 2279 sancti
1232 2247 1386 2278 Francisci
1403 2247 1558 2277 deberetis
1576 2247 1608 2277 in
1624 2246 1775 2278 omnibus
1788 2246 1859 2277 imi-

1081 2304 1198 2333 tatores
1212 2310 1294 2339 esse,
1312 2310 1369 2331 cur
1383 2300 1528 2331 ordinem
1544 2299 1655 2338 illum,
1673 2300 1729 2340 qui
1745 2299 1860 2331 dicitur

1081 2356 1266 2397 poenitentia
1278 2356 1329 2395 (a),
1345 2364 1441 2394 quem
1456 2354 1523 2394 ipse
1538 2354 1686 2391 instituit,
1704 2363 1768 2385 non
1789 2363 1858 2394 pro-

1081 2410 1229 2448 movetis,
1251 2412 1288 2440 ut
1308 2409 1427 2449 ubique
1443 2408 1591 2439 dilatetur
1607 2408 1641 2438 in
1659 2407 1811 2445 Ecclesia,
1827 2409 1858 2439 et

1082 2464 1174 2495 multi
1190 2464 1355 2495 salventur
1370 2463 1402 2493 in
1416 2471 1464 2501 eo,
1479 2471 1553 2493 cum
1563 2461 1712 2493 laboratis
1724 2471 1856 2493 conver-

1082 2523 1147 2551 tere
1164 2522 1194 2550 et
1211 2520 1316 2550 fovere
1331 2517 1370 2548 ad
1384 2518 1517 2555 bonum,
1534 2517 1589 2556 qui
1606 2516 1695 2547 vobis
1709 2517 1784 2547 sunt
1802 2516 1858 2547 mi-

1082 2583 1143 2605 nus
1157 2583 1197 2604 ex
1212 2574 1344 2613 paterna
1357 2570 1525 2601 traditione
1539 2569 1676 2600 annexi?

1393 2666 1546 2700 Responsio.

1123 2737 1212 2775 ‹gluod
1230 2737 1262 2766 in
1282 2735 1349 2766 aliis
1373 2734 1554 2764 laboramus
1574 2734 1609 2763 ut
1630 2734 1858 2765 convertantur

1903 2739 1947 2759 Cur
