2029 3052
280 223 339 254 340

277 289 468 328 stigmatum
481 286 594 328 prosis,
609 287 641 318 et
655 285 800 326 hymnis,
813 289 844 316 et
859 284 1054 325 antiphonis,

276 351 357 382 quas
371 342 410 373 ad
425 341 526 381 ipsius
539 340 707 387 ediderunt
718 339 886 377 honorem,
901 337 1057 370 veraciter

277 395 463 433 inserentes,
479 395 536 435 qui
547 397 612 425 tam
623 394 733 432 verbo,
747 402 846 434 quam
861 392 978 432 scripto
989 400 1057 432 per-

277 449 454 481 hibuerunt
484 447 708 479 testimonium
730 446 870 478 veritati.
902 445 1058 477 Summus

279 503 375 534 etiam
388 502 534 533 Pontifex
548 501 701 533 dominus
714 499 905 538 Alexander,
917 508 992 530 cum
1003 507 1058 539 po-

277 557 354 598 pulo
376 556 564 597 praedicaret
585 565 694 587 coram
718 554 829 586 multis
850 554 1003 585 fratribus
1026 554 1058 583 et

279 610 412 650 meipso,
429 609 602 641 affirmavit
617 618 662 646 se,
678 609 757 640 dum
775 610 905 639 sauctus
918 607 1055 642 viveret,

278 664 432 704 stigmata
446 663 500 695 illa
519 672 608 695 sacra
632 663 701 695 suis
720 662 820 694 oculis
841 660 1055 701 conspexisse.

277 718 434 750 Viderunt
452 718 487 749 in
502 720 605 750 morte
628 718 799 758 plusquam
819 713 1057 756 quinquaginta

278 772 404 810 fratres,
421 772 579 813 virgoque
593 774 656 803 Deo
665 770 870 803 devotissima
881 768 970 799 Clara
982 776 1057 798 cum

278 826 402 858 caeteris
426 826 588 857 sororibus
605 825 689 863 suis,
713 826 744 855 et
767 822 936 854 saeculares
966 821 1058 851 innu-

278 880 371 918 meri,
391 888 433 910 ex
456 879 584 920 quibus,
611 877 884 918 quemadmodum
907 884 965 907 suo
988 874 1058 905 loco

278 933 420 972 dicetur,
448 933 677 974 quamplurimi
701 935 733 964 et
759 931 890 963 osculati
914 931 990 961 sunt
1017 937 1058 960 ex

279 987 457 1018 devotionis
471 987 598 1025 affectu,
618 988 649 1017 et
663 986 940 1017 contrectaverunt
953 982 1057 1013 mani-

279 1041 341 1072 bus
355 1041 394 1071 ad
412 1040 581 1071 testimonii
600 1040 793 1070 firmitatem.
811 1037 936 1070 Vulnus
948 1039 1056 1067 autem

279 1094 387 1126 lateris
403 1096 467 1125 tam
481 1093 611 1124 sollicite
626 1092 807 1130 occultavit,
821 1093 856 1122 ut
871 1090 949 1121 illud
963 1099 1058 1121 nemo

280 1151 385 1189 posset
409 1148 470 1179 nisi
495 1148 605 1179 furtim
628 1147 791 1184 contueri,
817 1146 894 1176 dum
920 1145 1055 1175 viveret.

281 1203 369 1235 Unus
379 1202 496 1234 etenim
512 1202 619 1238 frater,
636 1202 690 1241 qni
708 1200 737 1231 ei
752 1199 860 1231 sedule
875 1199 1057 1230 ministrare

281 1257 391 1288 solitus
406 1258 484 1295 erat,
502 1265 575 1286 cnm
590 1255 641 1295 pia
651 1263 726 1285 eum
742 1253 876 1290 cautela,
897 1255 933 1283 ut
954 1252 992 1283 ad
1009 1261 1060 1283 ex-

282 1311 469 1342 cutiendum
485 1309 668 1341 extraheret
694 1308 846 1344 tunicam,
869 1306 1057 1344 induxisset,

283 1366 400 1396 attente
422 1363 592 1404 respiciens
616 1362 696 1394 vidit
720 1361 870 1401 plagam,
894 1361 944 1391 cui
965 1360 1060 1391 etiam

284 1420 347 1448 tres
371 1417 472 1448 veloci
496 1417 641 1447 contactu
665 1415 783 1454 digitos
806 1413 978 1454 applicans,
996 1415 1062 1443 tam

285 1473 367 1509 visu,
405 1480 503 1511 quam
539 1473 636 1503 tactu.
676 1468 819 1499 vulneris
852 1467 1062 1507 quantitatem

285 1525 430 1564 agnovit.
449 1523 612 1555 Consimili
627 1522 751 1553 cautela
765 1521 843 1551 vidit
856 1521 952 1551 ctiam
967 1521 1063 1550 frater

286 1579 349 1616 ille,
376 1579 432 1618 qui
457 1580 532 1609 tunc
554 1576 706 1616 temporis
726 1577 795 1606 erat
818 1574 957 1605 vicarius
979 1574 1060 1613 ejus.

287 1633 396 1664 Frater
421 1642 497 1663 vero
526 1631 631 1661 socius
657 1630 810 1660 mirandae
836 1628 1062 1668 simplicitatis,

287 1687 365 1717 (lum
382 1685 575 1717 infirmitatis
592 1693 687 1715 eausa
707 1684 902 1722 languentes
921 1680 1065 1721 scapulas

287 1741 506 1777 contrectaret,
528 1748 627 1769 manu
651 1746 706 1777 per
721 1737 885 1777 caputium
902 1735 1009 1771 missa,
1035 1736 1065 1764 et

287 1794 454 1825 casualiter
472 1793 597 1824 vulneri
614 1801 701 1822 sacro
721 1791 843 1831 illapsa,
860 1798 1020 1828 magnum
1037 1788 1064 1818 ei

288 1849 430 1879 dolorem
453 1847 584 1878 inflixit.
607 1845 743 1877 Proinde
763 1844 908 1884 portabat
927 1852 967 1873 ex
992 1844 1067 1872 tunc

289 1902 452 1933 femoralia
476 1901 520 1931 ita
547 1901 646 1937 sacta,
673 1901 708 1930 ut
733 1908 834 1938 usque
866 1897 904 1927 a1l
935 1895 1068 1926 ascellas

290 1955 508 1995 pertingerent
520 1954 557 1984 ad
571 1953 688 1983 vulnus
698 1952 805 1982 lateris
816 1950 1063 1989 contegendum.

291 2009 416 2039 Fratres
430 2017 558 2048 quoqne
573 2007 627 2047 qui
652 2006 705 2036 illa
729 2006 888 2042 lavabant,
908 2004 957 2033 vel
980 2003 1066 2034 tuni-

292 2072 361 2093 cam
385 2062 587 2092 excutiebant
616 2070 672 2100 pro
695 2063 853 2099 tempore,
876 2058 951 2097 quia
976 2058 1068 2087 inve-

294 2117 422 2147 niebant
437 2125 473 2146 ea
488 2115 646 2154 sangnine
661 2113 833 2149 rubricata,
853 2111 1071 2142 indubitanter

294 2179 350 2209 per
373 2170 502 2200 evidens
524 2169 656 2207 signnm
683 2168 715 2197 in
747 2167 962 2205 cognitionem
990 2166 1070 2196 sacri

294 2223 438 2255 vulneris
458 2224 682 2262 pervent-runt,
707 2221 791 2261 quod
817 2220 1017 2260 postmodnm
1039 2220 1070 2249 in

296 2281 409 2315 morte,
426 2277 564 2307 revelata
579 2277 665 2314 facio,
684 2279 713 2306 et
736 2275 793 2315 ipsi
816 2284 890 2305 rum
913 2275 982 2304 aliis
998 2274 1069 2313 plu-

295 2332 386 2362 rimis
409 2321 610 2370 contemplali
636 2329 731 2360 simul
762 2332 792 2359 et
816 2327 958 2359 venerati
984 2329 1069 2357 sunt.

297 2385 353 2415 Eia
368 2394 464 2421 nunc,
482 2383 699 2414 strenuissime
716 2382 806 2412 miles
821 2381 945 2417 Christi,
973 2379 1072 2419 ipsius

297 2439 343 2468 fer
356 2447 445 2468 arma
461 2436 661 2467 invictissimi
679 2436 780 2473 Ducis,
799 2435 915 2474 quibus
929 2433 1073 2463 munitus

298 2494 328 2521 et
343 2491 527 2530 insignitus,
545 2499 654 2519 omnes
671 2488 870 2519 adversarios
894 2487 1070 2527 superabis.

299 2545 358 2576 Fer
373 2545 527 2575 vexillum
545 2544 640 2583 Regis
662 2543 821 2580 altissimi,
844 2542 882 2572 ad
907 2542 999 2580 cnjus
1024 2541 1071 2571 in-

299 2599 415 2629 tuitum
441 2608 552 2628 omnes
577 2599 772 2637 pugnatores
792 2596 891 2625 divini
916 2594 1074 2625 exercitus

298 2652 491 2682 animentur.
507 2651 565 2682 Fer
577 2650 787 2681 nihilominus
801 2649 944 2688 sigillum
956 2648 1073 2678 summi

332 2715 336 2727 ¹
353 2714 438 2745 Apoe,
456 2719 500 2743 vii,
516 2715 539 2737 2.

845 216 1031 249 LEGENDA
1050 216 1083 249 S.
1106 215 1312 249 FRANCISCI
1319 240 1326 248 .

1114 284 1275 316 Pontifieis
1298 283 1431 322 Christi,
1455 292 1521 324 quo
1541 283 1641 316 verba
1662 284 1695 315 et
1711 283 1794 319 facta
1815 286 1887 324 tua,

1112 339 1266 379 tanquam
1297 336 1589 378 irreprehensibilia
1620 338 1653 368 et
1685 336 1888 377 authentica,

1113 391 1228 422 merito
1242 391 1282 422 ab
1302 391 1452 422 omnibus
1473 392 1686 431 acceptentur.
1709 389 1781 422 Jam
1804 390 1892 422 enim

1113 447 1244 486 propter
1260 445 1411 484 stigmata
1426 444 1552 476 Domini
1571 444 1655 482 Jmu,
1680 453 1753 484 quae
1772 443 1806 475 in
1820 452 1890 475 cor-

1114 507 1191 538 pore
1203 501 1260 529 tuo
1276 499 1395 538 portas,
1411 506 1505 529 nemo
1519 498 1612 530 debet
1625 498 1684 529 tibi
1698 507 1767 529 esse
1781 497 1894 529 moles-

1113 554 1181 589 tus;
1197 551 1277 591 quin
1287 551 1392 591 potius
1405 551 1541 591 quilibet
1553 551 1668 583 Christi
1681 560 1794 583 servus
1804 551 1893 583 omni

1114 614 1182 637 esse
1193 607 1320 637 tenetur
1333 605 1499 637 affectione
1509 606 1654 638 devotus.
1667 605 1739 636 Jam
1753 613 1811 646 per
1821 605 1894 636 haec

1114 660 1211 700 signa
1226 660 1411 699 certissima,
1432 669 1496 691 non
1512 660 1637 692 duobus
1651 661 1707 691 aut
1717 659 1820 691 tribus
1832 661 1895 691 tes-

1114 713 1202 744 tibus
1216 714 1256 745 ad
1271 714 1508 752 sufficientiam,
1526 714 1579 745 sed
1594 713 1843 754 quamplurimis
1854 712 1894 744 ad

1115 768 1444 808 superabundantiam
1477 767 1682 808 comprobata
1714 766 1894 798 testimonia

1115 820 1169 852 Dei
1185 821 1218 852 in
1242 824 1284 861 te,
1309 824 1340 853 et
1360 831 1417 863 per
1440 824 1471 853 te
1492 821 1653 853 credibilia
1675 821 1757 852 facta
1779 820 1892 858 nimis,

1115 884 1212 906 omne
1228 876 1342 907 tollunt
1357 876 1539 908 infidelibus
1550 875 1699 907 velamen
1713 874 1892 906 excusatio-

1115 929 1176 967 nis,
1193 929 1270 960 dum
1295 929 1458 961 credentes
1482 929 1516 960 in
1539 929 1602 960 fide
1625 928 1803 967 stabiliunt,
1829 927 1895 968 spei

1115 982 1265 1013 fiduciam
1292 992 1421 1014 sursum
1443 985 1559 1022 agunt,
1582 985 1614 1014 et
1633 982 1712 1022 igne
1733 980 1896 1012 charitatis

1115 1036 1302 1068 accendunt.
1319 1036 1389 1068 Jam
1406 1045 1481 1068 vere
1496 1036 1628 1076 impleta
1642 1037 1689 1067 est
1701 1035 1805 1076 prima
1815 1034 1896 1067 visio

1115 1099 1214 1131 quam
1229 1089 1347 1128 vidisti,
1370 1090 1516 1121 videlicet
1531 1089 1617 1130 quod
1641 1089 1708 1121 dux
1725 1089 1758 1120 in
1783 1088 1898 1120 militia

1116 1144 1230 1175 Christi
1255 1144 1383 1175 futurus
1412 1143 1511 1174 armis
1536 1143 1666 1174 deberes
1696 1142 1894 1182 coetestibus‚

1117 1198 1277 1238 signoque
1292 1197 1397 1228 crucis
1413 1197 1595 1236 insignibus
1609 1197 1762 1228 decorari.
1779 1195 1850 1228 Jam
1865 1197 1897 1227 in

1117 1250 1271 1290 prinprio
1296 1253 1359 1281 ture
1383 1250 1600 1281 conversionis
1623 1250 1772 1282 Crucifixi
1795 1251 1896 1289 visio,

1117 1314 1187 1336 com
1191 1305 1308 1344 passivi
1319 1304 1436 1335 doloris
1449 1304 1556 1344 gladio
1569 1304 1750 1336 mentaliter
1758 1307 1787 1336 te
1798 1307 1900 1336 trans-

1118 1359 1233 1398 figens,
1251 1358 1304 1389 sed
1327 1362 1358 1389 et
1380 1358 1509 1389 auditus
1533 1358 1620 1389 vocis
1635 1358 1673 1390 de
1698 1367 1801 1397 cruce,
1825 1360 1899 1390 tan-

1118 1421 1216 1452 quam
1235 1412 1273 1443 de
1298 1412 1413 1443 throno
1437 1411 1550 1443 Christi
1574 1411 1706 1442 sublimi
1726 1414 1757 1443 et
1780 1414 1901 1444 secreto

1119 1465 1338 1506 propitiatorio
1366 1465 1583 1505 procedentis,
1606 1466 1702 1505 Juxta
1729 1466 1813 1506 quod
1845 1468 1901 1497 tuo

1120 1528 1210 1550 sacro
1240 1519 1373 1550 firmasti
1398 1518 1525 1559 eloquio
1537 1542 1545 1556 ‚
1575 1527 1651 1550 vera
1682 1519 1900 1551 indubitanter

1122 1573 1217 1604 fuisse
1240 1572 1425 1603 creduntur.
1449 1571 1518 1603 Jam
1541 1572 1573 1602 in
1597 1574 1661 1604 tuae
1685 1573 1902 1604 conversionis

1121 1635 1305 1666 progressu,
1323 1629 1352 1656 et
1370 1635 1498 1657 crucem
1513 1635 1612 1665 quam
1630 1626 1710 1657 vidit
1730 1627 1827 1658 frater
1840 1625 1902 1657 Sil—

1121 1682 1226 1710 vester
1240 1689 1280 1710 ex
1302 1688 1356 1710 ore
1373 1682 1427 1710 tuo
1449 1679 1638 1710 mirabiliter
1664 1679 1900 1719 procedentem,

1122 1736 1153 1764 et
1185 1733 1309 1773 gladios
1336 1733 1369 1763 in
1404 1732 1508 1763 crucis
1533 1732 1665 1764 modum
1697 1735 1753 1764 tua
1781 1733 1902 1765 viscera

1123 1787 1358 1825 transfigentes,
1376 1795 1455 1826 quos
1472 1786 1568 1816 frater
1581 1786 1622 1825 (a)
1638 1786 1717 1817 vidit
1734 1786 1900 1825 Facimus,

1124 1842 1218 1880 teque
1234 1839 1410 1871 secuudum
1425 1839 1528 1870 crucis
1543 1839 1684 1878 figuram
1699 1839 1732 1869 in
1751 1848 1824 1870 aere
1848 1849 1902 1870 su-

1124 1894 1299 1932 blevatum,
1317 1902 1391 1924 cum
1406 1893 1444 1924 de
1457 1893 1561 1924 crucis
1575 1893 1668 1924 titulo
1682 1897 1810 1924 sanctus
1823 1902 1903 1934 prae-

1124 1949 1247 1979 dicabat
1260 1948 1427 1985 Antonius,
1449 1949 1545 1987 Juxta
1566 1947 1651 1987 quod
1667 1947 1830 1987 prospexit
1845 1956 1902 1978 an-

1124 2002 1247 2041 gelicus
1271 2002 1319 2032 vir
1338 2001 1514 2038 Monaldus,
1539 2010 1602 2032 non
1628 2001 1827 2040 phantastica
1853 2001 1901 2032 vi—

1124 2056 1224 2093 sione,
1237 2055 1290 2086 sed
1305 2054 1497 2085 revelatione
1507 2054 1604 2085 fuisse
1619 2054 1728 2085 coelica
1739 2056 1905 2094 conspecta

1126 2118 1201 2139 vere
1217 2109 1356 2139 creditur
1371 2111 1401 2138 et
1416 2108 1574 2138 firmatur.
1589 2107 1660 2138 Jam
1675 2108 1811 2148 denique
1823 2107 1906 2138 circa

1126 2164 1223 2193 finem
1242 2162 1327 2202 quod
1343 2161 1439 2193 simul
1455 2162 1511 2192 tibi
1535 2162 1722 2200 ostenditur,
1749 2164 1780 2192 et
1803 2160 1903 2192 subli-

1127 2216 1187 2245 mis
1215 2215 1389 2246 similitudo
1415 2215 1537 2255 Seraph
1567 2217 1597 2246 et
1626 2215 1757 2245 humilis
1782 2214 1904 2254 effigies

1128 2269 1277 2299 Crucifixi
1293 2269 1427 2299 interius
1453 2271 1483 2299 te
1509 2268 1692 2306 incendens,
1709 2270 1740 2299 et
1763 2267 1905 2299 exterius

1128 2325 1156 2353 te
1181 2322 1392 2362 consignans,
1417 2325 1570 2362 tanquam
1593 2322 1731 2354 alterum
1750 2320 1903 2361 angelum

1127 2377 1348 2407 ascendentem
1364 2376 1403 2406 ab
1416 2379 1488 2407 ortu
1504 2376 1590 2414 solis,
1608 2376 1662 2416 qui
1679 2376 1809 2415 signum
1826 2375 1859 2405 in
1875 2377 1905 2405 te

1128 2430 1245 2460 habeas
1262 2429 1314 2460 Dei
1329 2430 1394 2460 vivi
1411 2431 1431 2468 ¹,
1456 2432 1487 2460 et
1511 2429 1671 2469 praedictis
1692 2429 1745 2459 dat
1770 2428 1902 2458 firmita-

1129 2486 1192 2514 tem
1208 2483 1292 2521 fidei,
1309 2485 1339 2513 et
1356 2483 1395 2513 ab
1413 2483 1457 2513 eis
1474 2483 1588 2523 accipit
1611 2482 1828 2513 testimonium
1849 2491 1903 2513 ve-

1129 2538 1241 2568 ritatis,
1260 2537 1336 2568 Ecce
1348 2538 1416 2577 jam
1432 2539 1551 2576 septem
1566 2535 1817 2575 apparitionibus
1831 2544 1904 2566 cru-

1130 2593 1173 2623 cis
1189 2592 1302 2623 Christi
1319 2592 1351 2621 in
1366 2593 1407 2627 te,
1423 2593 1454 2621 et
1472 2591 1554 2620 circa
1569 2592 1610 2626 te,
1627 2589 1803 2620 seeundum
1818 2589 1903 2620 ordi-

1130 2654 1204 2676 nem
1216 2647 1396 2684 temporum
1413 2643 1601 2674 mirabiliter
1615 2643 1765 2674 exhibitis
1778 2644 1808 2674 et
1818 2651 1906 2673 mon-

1163 2708 1195 2738 ta)
1213 2708 1273 2731 cml.
1288 2706 1348 2730 edit.
1365 2712 1444 2729 sacer.
